3038 4864
256 341 299 410 18
682 349 928 402 wsunotubnt

255 499 480 587 complanata.
523 497 605 565 Alia
617 503 693 564 sunt
706 497 850 584 insuper,
871 513 964 562 meas
989 493 1067 562 vitre
1088 493 1231 560 rationes
1252 495 1351 562 attin·

257 605 376 690 gentia‚
387 610 421 670 et
432 619 585 686 magnam
600 599 690 686 apud
705 605 833 667 mentes
848 599 1009 680 benignas
1023 596 1214 668 humanitus
1228 595 1350 664 admis-

258 725 369 772 sorum
391 704 646 770 excusationem
669 701 825 766 habitura
833 698 929 768 r-de
951 699 1074 782 quibus
1100 703 1208 764 tamen
1233 697 1352 764 melius

257 812 367 874 tacere
382 809 477 891 puto,
493 823 593 889 quam
607 802 785 888 questibus
797 799 985 866 ambitiosis
998 801 1142 867 inaniter
1154 799 1337 884 indulgere.

302 907 418 985 Porro,
440 925 481 970 ne
502 925 555 970 me
575 903 739 982 somassis,
762 904 804 968 ab
819 903 879 970 tali
893 902 1013 985 puerili
1029 899 1169 989 φιλαυτίᾳ
1196 903 1351 968 remotis-

258 1011 389 1087 simum,
403 1008 511 1074 lector
525 1006 696 1072 existimet
709 1005 855 1090 propriis
869 1005 993 1086 ingenii
1007 1005 1145 1072 soetibus
1158 1005 1236 1088 plus
1251 1023 1351 1089 aequo

257 1110 431 1188 delectari,
446 1109 540 1195 quod
554 1129 628 1176 euru
644 1109 743 1176 toties
768 1107 812 1176 ad
836 1107 965 1174 Silvam
990 1127 1097 1172 meam
1118 1107 1276 1173 criticam
1300 1123 1352 1170 re·

257 1213 422 1294 miserim3
443 1212 736 1290 docendusrostat,
758 1231 812 1276 me
836 1216 1041 1294 compertum
1060 1209 1194 1287 babere,
1216 1229 1260 1274 ex
1286 1225 1352 1272 usu

257 1315 427 1382 literarum
436 1315 628 1392 maturiore,
644 1314 789 1398 plurima
802 1315 838 1378 iu
856 1315 932 1380 istis
954 1312 1242 1378 lucubrationibus
1259 1310 1352 1376 inve·

258 1416 331 1496 niri,
342 1437 419 1502 quea
431 1418 500 1483 sint
518 1415 710 1499 juveniliter
729 1414 918 1492 temeraria,
938 1411 1141 1500 aratrum
1155 1430 1302 1497 prorsus,
1317 1415 1353 1476 et

258 1518 391 1584 bomine
406 1517 525 1582 critico
545 1515 697 1596 iudigna3
720 1513 780 1580 sed
795 1533 872 1599 quoe
903 1515 939 1580 in
962 1517 1125 1582 sitientem
1146 1515 1257 1593 fane,
1279 1531 1352 1578 rure

259 1629 374 1688 tamen
382 1620 545 1695 abditum,
553 1625 587 1684 et
596 1616 718 1682 alibris
730 1618 1005 1702 sermonibusque
1019 1619 1192 1684 doctorum
1201 1614 1352 1700 disjunc-

259 1724 439 1799 tissimnm,
454 1719 612 1786 facillime
626 1728 766 1804 possent
777 1719 914 1788 cadere:
930 1727 1009 1787 sunt
1023 1729 1135 1788 autem
1150 1738 1263 1784 rnrsns
1277 1718 1353 1804 plo·

258 1827 344 1892 rima
355 1825 418 1890 rite
433 1825 637 1904 excogitata,
658 1823 773 1907 qualia
796 1822 886 1888 viros
909 1823 1023 1890 barum
1056 1841 1166 1889 rerum
1194 1822 1351 1888 callentes

255 1925 402 2012 jucunde
417 1924 639 2003 morabuntur,
655 1933 690 1990 et
704 1928 836 1992 eutem
850 1925 973 1992 ferent:
989 1945 1030 1990 ea
1042 1925 1353 2009 potissimumque

239 2097 243 2104 ,
260 2029 296 2094 iu
311 2026 405 2092 Novi
417 2025 569 2092 Foederis
580 2029 798 2092 monumentis
810 2028 1020 2112 explicandis
1035 2035 1134 2114 atque
1149 2027 1352 2094 illustrandis

261 2133 486 2212 ooonpantnr3
517 2128 609 2205 alibi,
640 2129 705 2194 nisi
732 2127 841 2206 fallor,
876 2128 968 2194 baud
990 2135 1111 2196 temere
1135 2125 1350 2213 reperiendafir

262 2230 356 2316 qnod
370 2230 458 2296 serio
475 2230 727 2312 triumphamus.
772 2227 805 2294 N
808 2248 853 2294 on
875 2230 963 2296 euim
982 2232 1007 2296 ii
1022 2249 1152 2310 snmus,
1165 2231 1222 2315 qui
1236 2249 1353 2302 sacros

261 2333 365 2402 libror
380 2332 435 2398 rel
450 2351 527 2396 cum
545 2331 763 2397 nobilissimis
778 2332 983 2398 ethnicorum
1007 2341 1156 2400 veterum
1180 2335 1215 2398 in
1236 2333 1353 2398 eadem

262 2435 384 2500 trutina
397 2434 539 2500 velimus
553 2454 688 2518 ponere,
710 2442 771 2504 ant
793 2435 911 2502 eodem
934 2436 1047 2502 studio
1072 2435 1353 2513 commentandos,

263 2556 305 2602 ao
331 2535 555 2615 meditandus,
589 2537 734 2602 cordatis
763 2537 884 2607 saltam
914 2538 1103 2604 bominibus
1133 2545 1354 2604 autumemus:

261 2643 368 2710 πολλοῦ
382 2663 418 2725 γε
438 2638 487 2702 xai
512 2639 559 2702 tri·

475 2787 757 2878 Χρῦσεαχαλκνῖων,
771 2787 932 2872 ἑκατόμβοι’
960 2789 1127 2872 ἐννεαβοίων.

306 2940 385 3008 Jam
399 2961 492 3019 vero,
505 2943 600 3024 prius
613 2943 698 3008 libet
721 2942 917 3010 brevissime
942 2943 1138 3027 disquirere,
1159 2963 1256 3029 quam
1277 2946 1354 3015 huic

263 3042 452 3128 praelationi
480 3043 578 3106 finem
602 3063 738 3128 ponam,
763 3051 871 3110 utrum
894 3045 1074 3110 Lucretius
1089 3055 1199 3114 noster
1217 3048 1288 3114 alia
1305 3051 1355 3114 iu-

263 3145 352 3230 genii
366 3149 578 3212 monumenta
591 3146 760 3229 quapiam
770 3146 871 3210 literis
888 3133 1111 3226 mandaverit,
1134 3169 1212 3234 quae
1234 3152 1268 3216 in
1289 3152 1355 3216 boo

264 3267 373 3314 aevum
400 3265 467 3314 non
495 3247 728 3331 perduravere.
772 3249 882 3327 Certo,
907 3269 983 3314 eum
1007 3251 1040 3317 in
1065 3253 1176 3318 animo
1197 3254 1356 3320 babuisse
1393 3241 1397 3248 ⁸

264 3348 307 3413 de
336 3349 402 3414 situ
435 3357 471 3416 et
506 3350 669 3433 qualitate
705 3349 832 3414 sedium
867 3359 1070 3428 sanctarum,
1107 3372 1194 3437 quas
1219 3358 1382 3424 numina¹

265 3449 412 3516 Deorum
427 3455 552 3529 tenent,
566 3450 608 3517 de
622 3451 817 3518 tenuissima
830 3453 945 3520 itidem
956 3455 1107 3538 ipsorum
1121 3465 1252 3536 natura,
1261 3480 1356 3544 pror-

264 3571 324 3616 sus
338 3551 492 3630 intactili,
519 3572 583 3618 neu
608 3553 806 3619 admittente
822 3561 949 3622 tactum
971 3558 1096 3640 utique,
1120 3579 1182 3626 neo
1207 3561 1356 3628 vicissim

264 3659 438 3718 exercente
454 3671 576 3732 3-non
599 3654 820 3736 perfunctorie
843 3657 1013 3734 disserere,
1037 3677 1102 3723 suo
1124 3659 1232 3744 ipsius
1256 3665 1356 3733 etiam

265 3755 457 3828 testimonio
471 3754 691 3838 liquidissime
705 3756 879 3839 colligitur,
903 3757 939 3822 in
952 3758 1011 3822 lib.
1028 3779 1058 3824 v.
1078 3780 1164 3828 verr.
1174 3764 1356 3834 lut-158.

264 3875 340 3924 cum
370 3861 635 3938 argumentorum
675 3859 920 3942 propositorum
949 3862 1080 3939 seriem,
1109 3865 1168 3948 qui
1195 3870 1355 3951 sequitur,

265 3957 546 4024 versusclandat:
570 3957 679 4037 ‘Que
689 3961 748 4024 tibi
760 3963 929 4044 posterius
943 3959 1033 4048 largo
1042 3985 1175 4032 sermore
1188 3973 1362 4054 probabo'

266 4059 436 4124 Sedenim
460 4077 503 4122 an
527 4058 708 4126 absolverit
733 4063 945 4144 promissum,
962 4071 997 4128 et
1009 4067 1127 4150 ingens
1142 4089 1240 4154 opus,
1254 4094 1359 4157 quau·

264 4159 344 4226 tivis
357 4157 591 4224 aestimandum
606 4163 715 4242 pretii,
729 4163 834 4230 ruinae
849 4171 1037 4248 temporum
1058 4173 1298 4261 oppressoriam
1313 4197 1356 4242 an
