3038 4864
254 349 297 414 lo
677 363 924 413 wanurrnnur

252 505 381 590 indice,
403 503 921 589 praenuntiatum,th
934 510 1125 571 versaverat
1139 501 1353 584 Lucretium

255 607 315 672 sed
329 607 550 691 nequalibros
563 626 663 673 manu
673 615 844 685 auratos,
854 624 962 692 neque
976 607 1141 672 vetustius
1156 607 1349 690 impressos,

255 708 380 774 milam
409 707 550 792 danique
589 713 710 794 praeter
738 727 838 774 uuum
867 708 969 773 Fabri
999 709 1189 792 exemplare
1221 707 1353 772 ridetur

256 808 475 893 adhibuisse3
505 831 582 878 oum
610 812 738 894 asapius
766 811 969 883 imitationes
1001 811 1152 896 priorum
1176 809 1351 895 poiitarum

256 914 396 995 margini
411 913 574 991 fflcrorit,
598 913 765 979 lambino
779 919 812 978 et
828 913 905 978 aliis
918 913 992 998 jans
1008 913 1136 978 dudum
1150 917 1352 996 occuram,

258 1033 335 1079 cnm
348 1014 434 1080 iocis
447 1015 646 1099 quibusdam
657 1015 819 1098 Diogenis
839 1013 962 1080 Iadrtii
986 1015 1192 1099 pervagatis.
1235 1012 1352 1077 Anim-

257 1114 470 1182 adrarsiones
493 1119 617 1202 itaque,
640 1137 726 1203 quas
755 1119 812 1184 ilic
835 1117 1038 1201 coryphaeus
1064 1117 1252 1181 criticorum
1275 1113 1354 1180 snb·

258 1217 338 1282 inde
369 1221 542 1303 sparserit,
578 1241 647 1287 non
683 1227 776 1286 erant
807 1222 970 1286 severiora
1001 1219 1132 1305 judicio
1166 1235 1353 1303 perpensae,

259 1319 459 1386 wadiare
481 1323 741 1406 cogitationibus
759 1330 956 1403 maturatar;
979 1320 1014 1386 in
1027 1338 1096 1384 nno
1111 1327 1224 1384 antem
1249 1325 1353 1402 atqua

259 1419 363 1488 nitere
377 1423 454 1491 ioco
468 1431 692 1506 par'acnman,
704 1443 783 1488 vera
801 1423 1046 1501 Bendeianum,
1069 1421 1170 1506 qnasi
1194 1419 1354 1486 divinitus

260 1524 312 1590 rin
323 1543 473 1592 summus
487 1543 556 1590 rem
570 1526 759 1611 expedivit:
773 1545 848 1610 quas
858 1545 920 1591 suo
934 1523 1084 1611 tempore
1097 1523 1353 1608 comparabuntt

259 1639 346 1692 nam'
366 1645 649 1712 supervacaneum
683 1647 761 1694 asse
797 1629 1005 1705 arbitramur,
1041 1627 1208 1694 immorari
1240 1623 1355 1698 rebus,

259 1727 298 1796 rr
310 1729 422 1812 operis
434 1727 726 1794 decursnloctoris
740 1731 936 1796 sententiam
955 1729 1137 1794 subituris:
1160 1745 1260 1813 quarn
1282 1725 1356 1790 nbi-

261 1849 330 1915 que
344 1829 514 1895 liberrime
527 1829 711 1898 &nocuis
721 1835 868 1903 exemeri
888 1833 1043 1899 retimna.
1107 1830 1200 1896 Varo
1220 1827 1356 1912 quidem

262 1931 372 1996 simile
399 1937 459 2010 ast,
495 1941 594 2000 notas
623 1937 733 2020 piures
771 1937 984 2001 Benddanas
1020 1935 1055 1998 in
1072 1932 1290 2009 Lucretium,
1318 1935 1358 1993 ct

261 2034 698 2122 laboriosinrcsillasatque
713 2038 957 2120 castigatiores,
970 2038 1006 2101 in
1020 2035 1173 2100 manibus
1185 2033 1356 2097 adboerere

264 2135 656 2221 RinnrdiCumberiand;
679 2142 806 2225 quiex
833 2139 905 2204 iiiia
932 2145 987 2204 eat
1014 2135 1158 2210 Bentleii
1183 2152 1305 2219 ncpoa·
1321 2139 1358 2198 et

263 2239 371 2304 baares
398 2241 480 2304 aviti
504 2241 627 2324 ingenii
642 2237 860 2308 certissimus.
900 2233 1053 2305 Aliorn'rn
1072 2238 1358 2312 etiamiibtorutn,

263 2339 577 2425 pretiosissimisari
588 2343 899 2410 suicornnreutariis
908 2343 1181 2427 pomcriptcrnm,
1191 2337 1359 2404 solitarius

265 2461 445 2526 posmsor
458 2445 807 2528 ostingsuiosissimus
820 2445 879 2512 illa
894 2447 967 2525 rir3
989 2461 1129 2528 quorum
1153 2456 1250 2506 nsum
1278 2437 1359 2504 mihi

265 2563 325 2628 par
338 2545 426 2610 alius
441 2548 569 2630 patenti
588 2566 726 2632 prorsus
747 2547 943 2631 denegarit:
965 2544 1160 2612 illaudabili-
1179 2561 1262 2610 sane
1285 2557 1359 2624 spe·

265 2646 389 2714 nimine
426 2650 555 2716 nauium
593 2649 771 2734 cujusdam
802 2647 1044 2730 malignitatis3
1081 2663 1157 2710 cum
1194 2661 1267 2708 nac
1284 2643 1359 2725 ipae

265 2749 378 2831 copiis
391 2750 462 2814 suis
477 2751 529 2816 uti
543 2752 636 2828 velit,
656 2769 766 2835 neque
789 2751 866 2814 aitis
887 2747 1032 2814 utendas
1055 2747 1227 2831 impaniri·
1271 2743 1360 2810 Hac

267 2855 378 2914 antem
392 2869 460 2916 non
474 2852 628 2916 videntur
639 2853 773 2936 marius
787 2851 892 2926 dicta,
916 2857 1016 2935 atque
1029 2849 1247 2924 inhumanius,
1261 2861 1360 2929 qnam

266 2967 322 3014 res
337 2953 488 3032 postolat
500 2952 661 3030 literaria,
684 2955 819 3036 etipsa
842 2951 946 3016 Ratio
971 2949 1139 3033 mtmgiis
1167 2948 1240 3013 suis
1270 2962 1360 3012 corn·

267 3051 434 3133 probabit.
1310 3086 1313 3094 ·

312 3149 473 3220 Oodicanr
495 3156 706 3222 chartaceum
728 3174 830 3222 mann
850 3155 1020 3240 scriptum,
1033 3156 1069 3220 in
1091 3153 1186 3231 ioiio,
1201 3151 1360 3217 medan-

268 3271 373 3334 nrum,
388 3263 573 3336 vetustum,
597 3266 633 3323 et
656 3259 795 3344 optimae
821 3267 924 3337 nota,
940 3277 1017 3323 cum
1031 3256 1126 3322 solus
1140 3253 1361 3336 castigatissi-

269 3355 334 3420 mis
342 3365 378 3422 et
387 3361 628 3445 antiquissimis
639 3361 884 3446 exemplaribus
895 3359 1097 3445 smpinsouie
1108 3355 1360 3433 annuntiator

269 3459 410 3548 publica
424 3461 630 3528 bibliotheca
644 3463 723 3528 mibi
736 3461 836 3528 Alma
850 3463 976 3541 Mater,
987 3459 1155 3546 quondam
1170 3475 1258 3535 mea,
1274 3456 1361 3522 Aca·

271 3560 384 3626 dantia
413 3559 713 3646 Cantabrigiensis,
740 3566 1024 3630 subministravit:
1057 3581 1142 3646 opes
1168 3579 1248 3625 suas
1272 3557 1361 3624 band

272 3661 601 3745 ruodmannum
621 3684 740 3750 nequa,
754 3673 793 3732 nt
810 3685 906 3732 soror
925 3666 1002 3750 ejus
1018 3664 1236 3740 oxoniensis,
1250 3679 1362 3726 axem·

271 3763 444 3852 olorinis
468 3766 705 3845 erubescendo,
727 3767 902 3833 thesauros
919 3767 1070 3842 Musaue,
1095 3765 1154 3848 qni
1176 3763 1362 3839 debera-m

271 3867 329 3933 air
351 3873 387 3932 et
409 3868 474 3945 sol,
489 3869 645 3934 omnibns
670 3889 862 3934 communes
887 3886 975 3946 essa,
1001 3863 1147 3951 propriis
1170 3863 1362 3948 parietibus,

271 3971 424 4036 inclusos
436 3971 557 4048 dicam,
573 3991 616 4036 un
630 3971 765 4038 abditos
779 3991 821 4036 ac
836 3971 1012 4055 sepuitosi
1034 3969 1068 4032 in
1082 3976 1247 4047 aeternum
1260 3966 1363 4032 conti·

272 4091 366 4136 nena.
411 4069 481 4136 Hic
497 4077 605 4138 autem
621 4073 733 4138 codex
756 4073 837 4138 oiim
850 4079 922 4137 crat
936 4069 1139 4135 Askerianae
1154 4067 1362 4134 bibliothecae

274 4171 428 4253 κειμήλιον
452 4171 542 4238 unda
570 4173 681 4258 pretio
706 4172 847 4240 redemit
870 4172 1065 4238 Academia.
1115 4171 1363 4238 Tractatinnant
