<?xml version="1.0" encoding="UTF-8"?>
<!DOCTYPE html PUBLIC "-//W3C//DTD XHTML 1.0 Transitional//EN"
    "http://www.w3.org/TR/xhtml1/DTD/xhtml1-transitional.dtd">
<html xmlns="http://www.w3.org/1999/xhtml" xml:lang="en" lang="en">
 <head>
  <title>
</title>
<meta http-equiv="Content-Type" content="text/html;charset=utf-8" />
  <meta name='ocr-system' content='tesseract 3.04.00' />
  <meta name='ocr-capabilities' content='ocr_page ocr_carea ocr_par ocr_line ocrx_word'/>
</head>
<body>
  <div class='ocr_page' id='page_1' title='image "./dererumnaturali07carugoog_0072.png"; bbox 0 0 3038 4864; ppageno 0'>
   <div class='ocr_carea' id='block_1_1' title="bbox 256 377 1010 442">
    <p class='ocr_par' dir='ltr' id='par_1_1' title="bbox 256 377 1010 442">
     <span class='ocr_line' id='line_1_1' title="bbox 256 377 1010 442; baseline -0.005 0"><span class='ocrx_word' id='word_1_1' title='bbox 256 377 303 442; x_wconf 70' lang='lat'><strong>⁶2</strong></span> <span class='ocrx_word' id='word_1_2' title='bbox 604 389 805 440; x_wconf 72' lang='lat' dir='ltr'><strong>aruinam</strong></span> <span class='ocrx_word' id='word_1_3' title='bbox 831 389 1010 438; x_wconf 82' lang='lat' dir='ltr'><strong>rnurcnrr</strong></span> 
     </span>
    </p>
   </div>
   <div class='ocr_carea' id='block_1_2' title="bbox 232 535 1355 4408">
    <p class='ocr_par' dir='ltr' id='par_1_2' title="bbox 232 535 1355 4408">
     <span class='ocr_line' id='line_1_2' title="bbox 302 535 1355 621; baseline -0.001 -18"><span class='ocrx_word' id='word_1_4' title='bbox 302 535 415 604; x_wconf 82' lang='lat' dir='ltr'><strong>xm.</strong></span> <span class='ocrx_word' id='word_1_5' title='bbox 437 537 581 602; x_wconf 79' lang='lat' dir='ltr'><strong>Factum</strong></span> <span class='ocrx_word' id='word_1_6' title='bbox 596 557 848 621; x_wconf 83' lang='lat' dir='ltr'><strong>nonnunquam,</strong></span> <span class='ocrx_word' id='word_1_7' title='bbox 859 545 897 601; x_wconf 90' lang='lat' dir='ltr'><strong>ut</strong></span> <span class='ocrx_word' id='word_1_8' title='bbox 913 537 1056 618; x_wconf 72' lang='lat' dir='ltr'><strong>inriguis</strong></span> <span class='ocrx_word' id='word_1_9' title='bbox 1068 537 1185 620; x_wconf 71' lang='lat' dir='ltr'><strong>aliqu</strong></span> <span class='ocrx_word' id='word_1_10' title='bbox 1196 555 1281 615; x_wconf 76' lang='lat' dir='ltr'><strong>vox,</strong></span> <span class='ocrx_word' id='word_1_11' title='bbox 1295 545 1355 602; x_wconf 78' lang='lat' dir='ltr'><strong>ut</strong></span> 
     </span>
     <span class='ocr_line' id='line_1_3' title="bbox 257 637 1351 724; baseline -0.001 -19"><span class='ocrx_word' id='word_1_12' title='bbox 257 641 416 718; x_wconf 77' lang='lat' dir='ltr'><strong>tornata,</strong></span> <span class='ocrx_word' id='word_1_13' title='bbox 429 639 523 724; x_wconf 72' lang='lat' dir='ltr'><strong>(truie</strong></span> <span class='ocrx_word' id='word_1_14' title='bbox 536 641 685 705; x_wconf 78' lang='lat' dir='ltr'><strong>crederet</strong></span> <span class='ocrx_word' id='word_1_15' title='bbox 693 639 727 724; x_wconf 87' lang='lat' dir='ltr'><strong>t)</strong></span> <span class='ocrx_word' id='word_1_16' title='bbox 747 641 862 704; x_wconf 80' lang='lat' dir='ltr'><strong>nereio</strong></span> <span class='ocrx_word' id='word_1_17' title='bbox 883 659 973 722; x_wconf 76' lang='lat' dir='ltr'><strong>quor</strong></span> <span class='ocrx_word' id='word_1_18' title='bbox 993 637 1119 704; x_wconf 75' lang='lat' dir='ltr'><strong>fluctus</strong></span> <span class='ocrx_word' id='word_1_19' title='bbox 1140 641 1351 716; x_wconf 64' lang='lat' dir='ltr'><strong>admunt,</strong></span> 
     </span>
     <span class='ocr_line' id='line_1_4' title="bbox 257 741 1353 827; baseline 0.001 -20"><span class='ocrx_word' id='word_1_20' title='bbox 257 763 325 808; x_wconf 85' lang='lat' dir='ltr'><strong>nou</strong></span> <span class='ocrx_word' id='word_1_21' title='bbox 339 745 374 808; x_wconf 91' lang='lat' dir='ltr'><strong>in</strong></span> <span class='ocrx_word' id='word_1_22' title='bbox 395 743 532 827; x_wconf 83' lang='lat' dir='ltr'><strong>propria</strong></span> <span class='ocrx_word' id='word_1_23' title='bbox 553 743 689 826; x_wconf 87' lang='lat' dir='ltr'><strong>quidem</strong></span> <span class='ocrx_word' id='word_1_24' title='bbox 706 744 862 818; x_wconf 63' lang='lat' dir='ltr'><strong>mucor,</strong></span> <span class='ocrx_word' id='word_1_25' title='bbox 875 741 936 806; x_wconf 80' lang='lat' dir='ltr'><strong>red</strong></span> <span class='ocrx_word' id='word_1_26' title='bbox 960 743 995 804; x_wconf 91' lang='lat' dir='ltr'><strong>iu</strong></span> <span class='ocrx_word' id='word_1_27' title='bbox 1018 743 1182 824; x_wconf 75' lang='lat' dir='ltr'><strong>proximis</strong></span> <span class='ocrx_word' id='word_1_28' title='bbox 1202 742 1259 808; x_wconf 79' lang='lat' dir='ltr'><strong>llic</strong></span> <span class='ocrx_word' id='word_1_29' title='bbox 1280 744 1353 808; x_wconf 87' lang='lat' dir='ltr'><strong>illic</strong></span> 
     </span>
     <span class='ocr_line' id='line_1_5' title="bbox 257 842 1350 928; baseline -0.002 -20"><span class='ocrx_word' id='word_1_30' title='bbox 257 845 460 927; x_wconf 70' lang='lat' dir='ltr'><strong>regionibus,</strong></span> <span class='ocrx_word' id='word_1_31' title='bbox 507 842 609 923; x_wconf 81' lang='lat' dir='ltr'><strong>Quod</strong></span> <span class='ocrx_word' id='word_1_32' title='bbox 639 851 751 908; x_wconf 86' lang='lat' dir='ltr'><strong>tamen</strong></span> <span class='ocrx_word' id='word_1_33' title='bbox 777 843 889 906; x_wconf 70' lang='lat' dir='ltr'><strong>ornari</strong></span> <span class='ocrx_word' id='word_1_34' title='bbox 919 843 1048 920; x_wconf 74' lang='lat' dir='ltr'><strong>desino,</strong></span> <span class='ocrx_word' id='word_1_35' title='bbox 1077 845 1138 907; x_wconf 78' lang='lat' dir='ltr'><strong>ubi</strong></span> <span class='ocrx_word' id='word_1_36' title='bbox 1166 845 1350 928; x_wconf 76' lang='lat' dir='ltr'><strong>perpendo,</strong></span> 
     </span>
     <span class='ocr_line' id='line_1_6' title="bbox 256 945 1350 1032; baseline 0 -20"><span class='ocrx_word' id='word_1_37' title='bbox 256 967 356 1032; x_wconf 87' lang='lat' dir='ltr'><strong>qnam</strong></span> <span class='ocrx_word' id='word_1_38' title='bbox 371 945 483 1024; x_wconf 80' lang='lat' dir='ltr'><strong>aride,</strong></span> <span class='ocrx_word' id='word_1_39' title='bbox 497 945 590 1030; x_wconf 86' lang='lat' dir='ltr'><strong>quod</strong></span> <span class='ocrx_word' id='word_1_40' title='bbox 604 947 705 1010; x_wconf 78' lang='lat' dir='ltr'><strong>remei</strong></span> <span class='ocrx_word' id='word_1_41' title='bbox 722 945 857 1029; x_wconf 75' lang='lat' dir='ltr'><strong>pulcluc</strong></span> <span class='ocrx_word' id='word_1_42' title='bbox 872 946 998 1010; x_wconf 88' lang='lat' dir='ltr'><strong>dictum</strong></span> <span class='ocrx_word' id='word_1_43' title='bbox 1011 955 1115 1020; x_wconf 73' lang='lat' dir='ltr'><strong>essct,</strong></span> <span class='ocrx_word' id='word_1_44' title='bbox 1130 965 1173 1010; x_wconf 84' lang='lat' dir='ltr'><strong>eo</strong></span> <span class='ocrx_word' id='word_1_45' title='bbox 1186 965 1254 1012; x_wconf 75' lang='lat' dir='ltr'>n</span> <span class='ocrx_word' id='word_1_46' title='bbox 1266 965 1350 1012; x_wconf 76' lang='lat' dir='ltr'><strong>cn-</strong></span> 
     </span>
     <span class='ocr_line' id='line_1_7' title="bbox 257 1047 1350 1134; baseline 0 -20"><span class='ocrx_word' id='word_1_47' title='bbox 257 1049 350 1126; x_wconf 85' lang='lat' dir='ltr'><strong>tcnti,</strong></span> <span class='ocrx_word' id='word_1_48' title='bbox 362 1047 507 1114; x_wconf 71' lang='lat' dir='ltr'><strong>lucretii</strong></span> <span class='ocrx_word' id='word_1_49' title='bbox 518 1050 794 1113; x_wconf 74' lang='lat' dir='ltr'><strong>contaminatores</strong></span> <span class='ocrx_word' id='word_1_50' title='bbox 805 1051 1000 1132; x_wconf 79' lang='lat' dir='ltr'><strong>repetierint</strong></span> <span class='ocrx_word' id='word_1_51' title='bbox 1013 1049 1093 1123; x_wconf 75' lang='lat' dir='ltr'><strong>imo,</strong></span> <span class='ocrx_word' id='word_1_52' title='bbox 1101 1057 1138 1111; x_wconf 83' lang='lat' dir='ltr'><strong>et</strong></span> <span class='ocrx_word' id='word_1_53' title='bbox 1150 1051 1350 1134; x_wconf 80' lang='lat' dir='ltr'><strong>arripuerint</strong></span> 
     </span>
     <span class='ocr_line' id='line_1_8' title="bbox 256 1149 1349 1234; baseline -0.001 -18"><span class='ocrx_word' id='word_1_54' title='bbox 256 1169 323 1216; x_wconf 90' lang='lat' dir='ltr'><strong>non</strong></span> <span class='ocrx_word' id='word_1_55' title='bbox 344 1171 407 1216; x_wconf 81' lang='lat' dir='ltr'><strong>cuo</strong></span> <span class='ocrx_word' id='word_1_56' title='bbox 429 1151 520 1228; x_wconf 90' lang='lat' dir='ltr'><strong>locu,</strong></span> <span class='ocrx_word' id='word_1_57' title='bbox 540 1149 602 1214; x_wconf 76' lang='lat' dir='ltr'><strong>scd</strong></span> <span class='ocrx_word' id='word_1_58' title='bbox 624 1151 658 1214; x_wconf 87' lang='lat' dir='ltr'><strong>in</strong></span> <span class='ocrx_word' id='word_1_59' title='bbox 679 1151 857 1234; x_wconf 66' lang='lat' dir='ltr'><strong>morium,</strong></span> <span class='ocrx_word' id='word_1_60' title='bbox 870 1169 949 1234; x_wconf 74' lang='lat' dir='ltr'><strong>qum</strong></span> <span class='ocrx_word' id='word_1_61' title='bbox 967 1151 1023 1214; x_wconf 79' lang='lat' dir='ltr'><strong>rel</strong></span> <span class='ocrx_word' id='word_1_62' title='bbox 1045 1151 1279 1233; x_wconf 78' lang='lat' dir='ltr'><strong>prmcerlermrt,</strong></span> <span class='ocrx_word' id='word_1_63' title='bbox 1294 1151 1349 1215; x_wconf 84' lang='lat' dir='ltr'><strong>rel</strong></span> 
     </span>
     <span class='ocr_line' id='line_1_9' title="bbox 256 1249 1350 1338; baseline -0.002 -20"><span class='ocrx_word' id='word_1_64' title='bbox 256 1263 478 1338; x_wconf 73' lang='lat' dir='ltr'><strong>coquerentur,</strong></span> <span class='ocrx_word' id='word_1_65' title='bbox 500 1252 580 1318; x_wconf 91' lang='lat' dir='ltr'><strong>dnm</strong></span> <span class='ocrx_word' id='word_1_66' title='bbox 603 1271 724 1316; x_wconf 79' lang='lat' dir='ltr'><strong>recena</strong></span> <span class='ocrx_word' id='word_1_67' title='bbox 745 1249 902 1316; x_wconf 80' lang='lat' dir='ltr'><strong>videlicet</strong></span> <span class='ocrx_word' id='word_1_68' title='bbox 916 1252 997 1317; x_wconf 84' lang='lat' dir='ltr'><strong>talis</strong></span> <span class='ocrx_word' id='word_1_69' title='bbox 1024 1253 1169 1336; x_wconf 79' lang='lat' dir='ltr'><strong>alicujus</strong></span> <span class='ocrx_word' id='word_1_70' title='bbox 1190 1252 1255 1316; x_wconf 89' lang='lat' dir='ltr'><strong>luci</strong></span> <span class='ocrx_word' id='word_1_71' title='bbox 1279 1273 1350 1316; x_wconf 80' lang='lat' dir='ltr'><strong>me·</strong></span> 
     </span>
     <span class='ocr_line' id='line_1_10' title="bbox 255 1355 1348 1447; baseline -0.003 -24"><span class='ocrx_word' id='word_1_72' title='bbox 255 1357 499 1447; x_wconf 35' lang='lat' dir='ltr'><strong>moria‘auimo</strong></span> <span class='ocrx_word' id='word_1_73' title='bbox 521 1375 636 1419; x_wconf 86' lang='lat' dir='ltr'><strong>eornm</strong></span> <span class='ocrx_word' id='word_1_74' title='bbox 658 1355 904 1418; x_wconf 79' lang='lat' dir='ltr'><strong>obversaretur.</strong></span> <span class='ocrx_word' id='word_1_75' title='bbox 957 1355 1050 1420; x_wconf 85' lang='lat' dir='ltr'><strong>Hinc</strong></span> <span class='ocrx_word' id='word_1_76' title='bbox 1073 1363 1156 1420; x_wconf 75' lang='lat' dir='ltr'><strong>nata</strong></span> <span class='ocrx_word' id='word_1_77' title='bbox 1176 1355 1256 1418; x_wconf 81' lang='lat' dir='ltr'><strong>milri</strong></span> <span class='ocrx_word' id='word_1_78' title='bbox 1270 1375 1348 1420; x_wconf 80' lang='lat' dir='ltr'><strong>sus·</strong></span> 
     </span>
     <span class='ocr_line' id='line_1_11' title="bbox 254 1453 1345 1544; baseline -0.003 -20"><span class='ocrx_word' id='word_1_79' title='bbox 254 1459 356 1544; x_wconf 88' lang='lat' dir='ltr'><strong>picio,</strong></span> <span class='ocrx_word' id='word_1_80' title='bbox 377 1475 496 1524; x_wconf 83' lang='lat' dir='ltr'><strong>vocem</strong></span> <span class='ocrx_word' id='word_1_81' title='bbox 518 1453 679 1521; x_wconf 79' lang='lat' dir='ltr'><strong>‘nirata&#39;</strong></span> <span class='ocrx_word' id='word_1_82' title='bbox 696 1471 751 1518; x_wconf 88' lang='grc' dir='ltr'><strong>ιιι.</strong></span> <span class='ocrx_word' id='word_1_83' title='bbox 765 1457 841 1519; x_wconf 97' lang='grc'><strong>410.</strong></span> <span class='ocrx_word' id='word_1_84' title='bbox 855 1475 917 1540; x_wconf 89' lang='lat' dir='ltr'><strong>pru</strong></span> <span class='ocrx_word' id='word_1_85' title='bbox 943 1457 1099 1537; x_wconf 55' lang='lat' dir='ltr'><strong>‘vitatu’</strong></span> <span class='ocrx_word' id='word_1_86' title='bbox 1120 1477 1218 1521; x_wconf 78' lang='lat' dir='ltr'><strong>rcrau</strong></span> <span class='ocrx_word' id='word_1_87' title='bbox 1233 1467 1345 1522; x_wconf 86' lang='lat' dir='ltr'><strong>autom</strong></span> 
     </span>
     <span class='ocr_line' id='line_1_12' title="bbox 252 1558 1348 1647; baseline 0 -21"><span class='ocrx_word' id='word_1_88' title='bbox 252 1559 401 1647; x_wconf 71' lang='lat' dir='ltr'><strong>ejusdem</strong></span> <span class='ocrx_word' id='word_1_89' title='bbox 420 1560 498 1625; x_wconf 89' lang='lat' dir='ltr'><strong>libri</strong></span> <span class='ocrx_word' id='word_1_90' title='bbox 512 1561 589 1625; x_wconf 70' lang='lat'><strong>557.</strong></span> <span class='ocrx_word' id='word_1_91' title='bbox 604 1562 690 1642; x_wconf 84' lang='lat' dir='ltr'><strong>pru‘</strong></span> <span class='ocrx_word' id='word_1_92' title='bbox 706 1558 827 1637; x_wconf 61' lang='lat' dir='ltr'><strong>rasta:</strong></span> <span class='ocrx_word' id='word_1_93' title='bbox 840 1559 986 1624; x_wconf 78' lang='lat' dir='ltr'><strong>similive</strong></span> <span class='ocrx_word' id='word_1_94' title='bbox 1001 1559 1079 1636; x_wconf 83' lang='lat' dir='ltr'><strong>ulia,</strong></span> <span class='ocrx_word' id='word_1_95' title='bbox 1094 1561 1266 1636; x_wconf 75' lang='lat' dir='ltr'><strong>munaum,</strong></span> <span class='ocrx_word' id='word_1_96' title='bbox 1280 1579 1348 1626; x_wconf 88' lang='lat' dir='ltr'><strong>nnn</strong></span> 
     </span>
     <span class='ocr_line' id='line_1_13' title="bbox 251 1659 1346 1746; baseline 0.001 -19"><span class='ocrx_word' id='word_1_97' title='bbox 251 1661 384 1728; x_wconf 83' lang='lat' dir='ltr'><strong>aliunde</strong></span> <span class='ocrx_word' id='word_1_98' title='bbox 406 1679 507 1745; x_wconf 84' lang='lat' dir='ltr'><strong>quam</strong></span> <span class='ocrx_word' id='word_1_99' title='bbox 523 1679 569 1724; x_wconf 86' lang='lat' dir='ltr'><strong>ex</strong></span> <span class='ocrx_word' id='word_1_100' title='bbox 583 1660 757 1726; x_wconf 64' lang='lat' dir='ltr'><strong>veneno.</strong></span> <span class='ocrx_word' id='word_1_101' title='bbox 800 1659 1100 1740; x_wconf 69' lang='lat' dir='ltr'><strong>Quemadmodum,</strong></span> <span class='ocrx_word' id='word_1_102' title='bbox 1121 1683 1188 1728; x_wconf 89' lang='lat' dir='ltr'><strong>nou</strong></span> <span class='ocrx_word' id='word_1_103' title='bbox 1208 1663 1346 1746; x_wconf 82' lang='lat' dir='ltr'><strong>quidem</strong></span> 
     </span>
     <span class='ocr_line' id='line_1_14' title="bbox 252 1761 1345 1830; baseline 0.002 -2"><span class='ocrx_word' id='word_1_104' title='bbox 252 1765 365 1828; x_wconf 83' lang='lat' dir='ltr'><strong>rtatim</strong></span> <span class='ocrx_word' id='word_1_105' title='bbox 388 1761 432 1828; x_wconf 84' lang='lat' dir='ltr'><strong>ud</strong></span> <span class='ocrx_word' id='word_1_106' title='bbox 446 1781 497 1828; x_wconf 84' lang='lat' dir='ltr'><strong>rs.</strong></span> <span class='ocrx_word' id='word_1_107' title='bbox 512 1763 587 1828; x_wconf 93' lang='grc'><strong>410.</strong></span> <span class='ocrx_word' id='word_1_108' title='bbox 603 1762 664 1829; x_wconf 79' lang='lat' dir='ltr'><strong>aed</strong></span> <span class='ocrx_word' id='word_1_109' title='bbox 680 1763 725 1829; x_wconf 91' lang='lat' dir='ltr'><strong>ad</strong></span> <span class='ocrx_word' id='word_1_110' title='bbox 743 1766 819 1830; x_wconf 78' lang='grc'><strong>457.</strong></span> <span class='ocrx_word' id='word_1_111' title='bbox 835 1763 970 1828; x_wconf 83' lang='lat' dir='ltr'><strong>demum</strong></span> <span class='ocrx_word' id='word_1_112' title='bbox 991 1783 1125 1828; x_wconf 83' lang='lat' dir='ltr'><strong>mouere</strong></span> <span class='ocrx_word' id='word_1_113' title='bbox 1144 1767 1179 1829; x_wconf 91' lang='lat' dir='ltr'><strong>in</strong></span> <span class='ocrx_word' id='word_1_114' title='bbox 1198 1765 1345 1830; x_wconf 77' lang='lat' dir='ltr'><strong>donetu-</strong></span> 
     </span>
     <span class='ocr_line' id='line_1_15' title="bbox 251 1864 1344 1946; baseline -0.002 -14"><span class='ocrx_word' id='word_1_115' title='bbox 251 1865 410 1932; x_wconf 80' lang='lat' dir='ltr'><strong>tiunculir</strong></span> <span class='ocrx_word' id='word_1_116' title='bbox 425 1865 508 1930; x_wconf 79' lang='lat' dir='ltr'><strong>rucis</strong></span> <span class='ocrx_word' id='word_1_117' title='bbox 522 1865 632 1930; x_wconf 74' lang='lat' dir='ltr'><strong>subiit.</strong></span> <span class='ocrx_word' id='word_1_118' title='bbox 678 1864 770 1945; x_wconf 82' lang='lat' dir='ltr'><strong>Quid</strong></span> <span class='ocrx_word' id='word_1_119' title='bbox 792 1866 880 1930; x_wconf 87' lang='lat' dir='ltr'><strong>eninr</strong></span> <span class='ocrx_word' id='word_1_120' title='bbox 895 1867 1053 1932; x_wconf 77' lang='lat' dir='ltr'><strong>lucretio</strong></span> <span class='ocrx_word' id='word_1_121' title='bbox 1065 1866 1197 1946; x_wconf 75' lang='lat' dir='ltr'><strong>dignius</strong></span> <span class='ocrx_word' id='word_1_122' title='bbox 1212 1865 1344 1930; x_wconf 75' lang='lat' dir='ltr'><strong>tandm</strong></span> 
     </span>
     <span class='ocr_line' id='line_1_16' title="bbox 251 1967 1344 2052; baseline 0.001 -20"><span class='ocrx_word' id='word_1_123' title='bbox 251 1967 296 2032; x_wconf 78' lang='lat' dir='ltr'><strong>ab</strong></span> <span class='ocrx_word' id='word_1_124' title='bbox 316 1967 388 2032; x_wconf 88' lang='lat' dir='ltr'><strong>ullu</strong></span> <span class='ocrx_word' id='word_1_125' title='bbox 405 1987 553 2052; x_wconf 81' lang='lat' dir='ltr'><strong>unquam</strong></span> <span class='ocrx_word' id='word_1_126' title='bbox 575 1969 707 2033; x_wconf 80' lang='lat' dir='ltr'><strong>homine</strong></span> <span class='ocrx_word' id='word_1_127' title='bbox 728 1969 924 2050; x_wconf 82' lang='lat' dir='ltr'><strong>excogitari,</strong></span> <span class='ocrx_word' id='word_1_128' title='bbox 942 1987 984 2032; x_wconf 84' lang='lat' dir='ltr'><strong>ne</strong></span> <span class='ocrx_word' id='word_1_129' title='bbox 1006 1967 1117 2033; x_wconf 83' lang='lat' dir='ltr'><strong>dicam</strong></span> <span class='ocrx_word' id='word_1_130' title='bbox 1142 1969 1187 2032; x_wconf 87' lang='lat' dir='ltr'><strong>ad</strong></span> <span class='ocrx_word' id='word_1_131' title='bbox 1210 1987 1344 2033; x_wconf 78' lang='lat' dir='ltr'><strong>seucum</strong></span> 
     </span>
     <span class='ocr_line' id='line_1_17' title="bbox 250 2069 1345 2154; baseline 0.001 -21"><span class='ocrx_word' id='word_1_132' title='bbox 250 2070 548 2150; x_wconf 75' lang='lat' dir='ltr'><strong>accommodatius,</strong></span> <span class='ocrx_word' id='word_1_133' title='bbox 570 2077 704 2154; x_wconf 87' lang='lat' dir='ltr'><strong>poterat</strong></span> <span class='ocrx_word' id='word_1_134' title='bbox 726 2069 785 2146; x_wconf 88' lang='lat' dir='ltr'><strong>ibi,</strong></span> <span class='ocrx_word' id='word_1_135' title='bbox 801 2087 924 2152; x_wconf 85' lang='lat' dir='ltr'><strong>quarn:</strong></span> <span class='ocrx_word' id='word_1_136' title='bbox 945 2075 1043 2134; x_wconf 80' lang='lat' dir='ltr'><strong>‘stat</strong></span> <span class='ocrx_word' id='word_1_137' title='bbox 1062 2071 1217 2136; x_wconf 87' lang='lat' dir='ltr'><strong>cernendi</strong></span> <span class='ocrx_word' id='word_1_138' title='bbox 1236 2071 1345 2136; x_wconf 79' lang='lat' dir='ltr'><strong>vitata</strong></span> 
     </span>
     <span class='ocr_line' id='line_1_18' title="bbox 249 2171 1342 2256; baseline 0.003 -20"><span class='ocrx_word' id='word_1_139' title='bbox 249 2171 1031 2256; x_wconf 66' lang='lat' dir='ltr'><strong>putentem’utinuuatiltmsamatqueinmgram</strong></span> <span class='ocrx_word' id='word_1_140' title='bbox 1040 2173 1191 2238; x_wconf 81' lang='lat' dir='ltr'><strong>maneret</strong></span> <span class='ocrx_word' id='word_1_141' title='bbox 1214 2174 1342 2239; x_wconf 82' lang='lat' dir='ltr'><strong>Seurur</strong></span> 
     </span>
     <span class='ocr_line' id='line_1_19' title="bbox 250 2275 1343 2361; baseline 0.002 -21"><span class='ocrx_word' id='word_1_142' title='bbox 250 2275 338 2340; x_wconf 87' lang='lat' dir='ltr'><strong>enim</strong></span> <span class='ocrx_word' id='word_1_143' title='bbox 354 2283 425 2342; x_wconf 86' lang='lat' dir='ltr'><strong>crt:</strong></span> <span class='ocrx_word' id='word_1_144' title='bbox 456 2275 620 2342; x_wconf 65' lang='lat' dir='ltr'><strong>meanto</strong></span> <span class='ocrx_word' id='word_1_145' title='bbox 635 2275 734 2340; x_wconf 89' lang='lat' dir='ltr'><strong>oculo</strong></span> <span class='ocrx_word' id='word_1_146' title='bbox 753 2276 891 2353; x_wconf 88' lang='lat' dir='ltr'><strong>circum,</strong></span> <span class='ocrx_word' id='word_1_147' title='bbox 910 2276 941 2340; x_wconf 84' lang='lat' dir='ltr'><strong>si</strong></span> <span class='ocrx_word' id='word_1_148' title='bbox 962 2277 1093 2361; x_wconf 82' lang='lat' dir='ltr'><strong>pupula</strong></span> <span class='ocrx_word' id='word_1_149' title='bbox 1110 2279 1233 2342; x_wconf 84' lang='lat' dir='ltr'><strong>mansit</strong></span> <span class='ocrx_word' id='word_1_150' title='bbox 1250 2279 1343 2342; x_wconf 88' lang='lat' dir='ltr'><strong>iucu-</strong></span> 
     </span>
     <span class='ocr_line' id='line_1_20' title="bbox 248 2377 1343 2458; baseline 0.004 -16"><span class='ocrx_word' id='word_1_151' title='bbox 248 2377 357 2458; x_wconf 81' lang='lat' dir='ltr'><strong>lumir,</strong></span> <span class='ocrx_word' id='word_1_152' title='bbox 386 2383 453 2444; x_wconf 80' lang='lat' dir='ltr'><strong>atat</strong></span> <span class='ocrx_word' id='word_1_153' title='bbox 476 2379 593 2457; x_wconf 80' lang='lat' dir='ltr'><strong>vitata,</strong></span> <span class='ocrx_word' id='word_1_154' title='bbox 630 2379 653 2443; x_wconf 89' lang='lat' dir='ltr'><strong>i.</strong></span> <span class='ocrx_word' id='word_1_155' title='bbox 675 2399 704 2443; x_wconf 90' lang='lat' dir='ltr'><strong>e.</strong></span> <span class='ocrx_word' id='word_1_156' title='bbox 726 2379 906 2444; x_wconf 79' lang='lat' dir='ltr'><strong>incolumis</strong></span> <span class='ocrx_word' id='word_1_157' title='bbox 933 2379 1034 2444; x_wconf 86' lang='lat' dir='ltr'><strong>etiam</strong></span> <span class='ocrx_word' id='word_1_158' title='bbox 1057 2387 1188 2444; x_wconf 72' lang='lat' dir='ltr'><strong>senata</strong></span> <span class='ocrx_word' id='word_1_159' title='bbox 1216 2386 1281 2457; x_wconf 81' lang='lat' dir='ltr'><strong>est,</strong></span> <span class='ocrx_word' id='word_1_160' title='bbox 1308 2385 1343 2446; x_wconf 83' lang='lat' dir='ltr'><strong>ct</strong></span> 
     </span>
     <span class='ocr_line' id='line_1_21' title="bbox 247 2481 1340 2567; baseline 0.002 -23"><span class='ocrx_word' id='word_1_161' title='bbox 247 2487 368 2558; x_wconf 82' lang='lat' dir='ltr'><strong>manet,</strong></span> <span class='ocrx_word' id='word_1_162' title='bbox 391 2481 544 2548; x_wconf 87' lang='lat' dir='ltr'><strong>cernendi</strong></span> <span class='ocrx_word' id='word_1_163' title='bbox 567 2489 732 2567; x_wconf 80' lang='lat' dir='ltr'><strong>potestas,</strong></span> <span class='ocrx_word' id='word_1_164' title='bbox 753 2503 860 2567; x_wconf 83' lang='lat' dir='ltr'><strong>neque</strong></span> <span class='ocrx_word' id='word_1_165' title='bbox 873 2482 981 2548; x_wconf 84' lang='lat' dir='ltr'><strong>risum</strong></span> <span class='ocrx_word' id='word_1_166' title='bbox 1004 2483 1117 2547; x_wconf 68' lang='lat' dir='ltr'><strong>amicit</strong></span> <span class='ocrx_word' id='word_1_167' title='bbox 1138 2483 1268 2561; x_wconf 76' lang='lat' dir='ltr'><strong>oculor,</strong></span> <span class='ocrx_word' id='word_1_168' title='bbox 1281 2485 1340 2548; x_wconf 82' lang='lat' dir='ltr'><strong>dcc.</strong></span> 
     </span>
     <span class='ocr_line' id='line_1_22' title="bbox 246 2580 1342 2670; baseline 0.002 -24"><span class='ocrx_word' id='word_1_169' title='bbox 246 2580 302 2648; x_wconf 84' lang='lat' dir='ltr'><strong>tld</strong></span> <span class='ocrx_word' id='word_1_170' title='bbox 316 2591 523 2650; x_wconf 75' lang='lat' dir='ltr'><strong>vernantem</strong></span> <span class='ocrx_word' id='word_1_171' title='bbox 534 2585 610 2651; x_wconf 78' lang='lat'><strong>557.</strong></span> <span class='ocrx_word' id='word_1_172' title='bbox 621 2604 722 2669; x_wconf 82' lang='lat' dir='ltr'><strong>quum</strong></span> <span class='ocrx_word' id='word_1_173' title='bbox 738 2593 814 2670; x_wconf 83' lang='lat' dir='ltr'><strong>apte</strong></span> <span class='ocrx_word' id='word_1_174' title='bbox 829 2585 888 2662; x_wconf 88' lang='lat' dir='ltr'><strong>ibi,</strong></span> <span class='ocrx_word' id='word_1_175' title='bbox 906 2585 1049 2648; x_wconf 85' lang='lat' dir='ltr'><strong>‘animai</strong></span> <span class='ocrx_word' id='word_1_176' title='bbox 1067 2591 1162 2648; x_wconf 81' lang='lat' dir='ltr'><strong>rasta</strong></span> <span class='ocrx_word' id='word_1_177' title='bbox 1173 2583 1342 2668; x_wconf 60' lang='lat' dir='ltr'><strong>ponetur:</strong></span> 
     </span>
     <span class='ocr_line' id='line_1_23' title="bbox 245 2686 1340 2774; baseline -0.002 -22"><span class='ocrx_word' id='word_1_178' title='bbox 245 2687 384 2773; x_wconf 76' lang='lat' dir='ltr'><strong>legatur,</strong></span> <span class='ocrx_word' id='word_1_179' title='bbox 398 2697 433 2754; x_wconf 85' lang='lat' dir='ltr'><strong>et</strong></span> <span class='ocrx_word' id='word_1_180' title='bbox 448 2689 556 2754; x_wconf 84' lang='lat' dir='ltr'><strong>versui</strong></span> <span class='ocrx_word' id='word_1_181' title='bbox 570 2688 646 2754; x_wconf 80' lang='grc'><strong>080.</strong></span> <span class='ocrx_word' id='word_1_182' title='bbox 662 2689 727 2753; x_wconf 80' lang='lat' dir='ltr'><strong>soli</strong></span> <span class='ocrx_word' id='word_1_183' title='bbox 742 2687 944 2753; x_wconf 79' lang='lat' dir='ltr'><strong>vocabulum</strong></span> <span class='ocrx_word' id='word_1_184' title='bbox 960 2691 971 2720; x_wconf 89' lang='lat'>‘</span> <span class='ocrx_word' id='word_1_185' title='bbox 988 2686 1121 2764; x_wconf 65' lang='lat' dir='ltr'><strong>vivata:</strong></span> <span class='ocrx_word' id='word_1_186' title='bbox 1137 2694 1340 2774; x_wconf 79' lang='lat' dir='ltr'><strong>reservetur,</strong></span> 
     </span>
     <span class='ocr_line' id='line_1_24' title="bbox 245 2787 1339 2874; baseline -0.002 -18"><span class='ocrx_word' id='word_1_187' title='bbox 245 2791 339 2867; x_wconf 72' lang='lat' dir='ltr'><strong>endu,</strong></span> <span class='ocrx_word' id='word_1_188' title='bbox 355 2793 404 2855; x_wconf 90' lang='lat' dir='ltr'><strong>uti</strong></span> <span class='ocrx_word' id='word_1_189' title='bbox 418 2798 515 2874; x_wconf 89' lang='lat' dir='ltr'><strong>puto,</strong></span> <span class='ocrx_word' id='word_1_190' title='bbox 526 2797 695 2856; x_wconf 81' lang='lat' dir='ltr'><strong>ostensum</strong></span> <span class='ocrx_word' id='word_1_191' title='bbox 709 2796 772 2855; x_wconf 84' lang='lat' dir='ltr'><strong>est.</strong></span> <span class='ocrx_word' id='word_1_192' title='bbox 788 2787 962 2866; x_wconf 80' lang='lat' dir='ltr'><strong>Similiter,</strong></span> <span class='ocrx_word' id='word_1_193' title='bbox 976 2787 1110 2853; x_wconf 80' lang='lat' dir='ltr'><strong>‘Boves</strong></span> <span class='ocrx_word' id='word_1_194' title='bbox 1121 2788 1250 2866; x_wconf 67' lang='lat' dir='ltr'><strong>Lucre,³</strong></span> <span class='ocrx_word' id='word_1_195' title='bbox 1264 2809 1339 2873; x_wconf 75' lang='lat' dir='ltr'><strong>qum</strong></span> 
     </span>
     <span class='ocr_line' id='line_1_25' title="bbox 245 2889 1337 2976; baseline 0.002 -22"><span class='ocrx_word' id='word_1_196' title='bbox 245 2909 276 2954; x_wconf 85' lang='lat' dir='ltr'><strong>v.</strong></span> <span class='ocrx_word' id='word_1_197' title='bbox 292 2889 387 2954; x_wconf 78' lang='lat'><strong>1301.</strong></span> <span class='ocrx_word' id='word_1_198' title='bbox 407 2889 537 2974; x_wconf 84' lang='lat' dir='ltr'><strong>justum</strong></span> <span class='ocrx_word' id='word_1_199' title='bbox 555 2891 629 2974; x_wconf 86' lang='lat' dir='ltr'><strong>jam</strong></span> <span class='ocrx_word' id='word_1_200' title='bbox 652 2891 883 2976; x_wconf 77' lang='lat' dir='ltr'><strong>spectaculum</strong></span> <span class='ocrx_word' id='word_1_201' title='bbox 908 2890 1081 2956; x_wconf 79' lang='lat' dir='ltr'><strong>ediderant</strong></span> <span class='ocrx_word' id='word_1_202' title='bbox 1105 2892 1140 2954; x_wconf 91' lang='lat' dir='ltr'><strong>iu</strong></span> <span class='ocrx_word' id='word_1_203' title='bbox 1164 2899 1337 2970; x_wconf 83' lang='lat' dir='ltr'><strong>contextu,</strong></span> 
     </span>
     <span class='ocr_line' id='line_1_26' title="bbox 244 2989 1338 3075; baseline 0.004 -21"><span class='ocrx_word' id='word_1_204' title='bbox 244 3009 353 3054; x_wconf 85' lang='lat' dir='ltr'><strong>nonne</strong></span> <span class='ocrx_word' id='word_1_205' title='bbox 368 2989 586 3075; x_wconf 64' lang='grc' dir='ltr'><strong>ἀπροσδιονύσους</strong></span> <span class='ocrx_word' id='word_1_206' title='bbox 608 3011 746 3073; x_wconf 76' lang='lat' dir='ltr'><strong>prorsus</strong></span> <span class='ocrx_word' id='word_1_207' title='bbox 757 2990 905 3075; x_wconf 78' lang='lat' dir='ltr'><strong>ejusdem</strong></span> <span class='ocrx_word' id='word_1_208' title='bbox 926 2992 1003 3058; x_wconf 87' lang='lat' dir='ltr'><strong>libri</strong></span> <span class='ocrx_word' id='word_1_209' title='bbox 1017 3011 1068 3057; x_wconf 82' lang='lat' dir='ltr'><strong>vu.</strong></span> <span class='ocrx_word' id='word_1_210' title='bbox 1085 2991 1180 3058; x_wconf 78' lang='lat'><strong>1338.</strong></span> <span class='ocrx_word' id='word_1_211' title='bbox 1195 2995 1230 3056; x_wconf 92' lang='lat' dir='ltr'><strong>iu</strong></span> <span class='ocrx_word' id='word_1_212' title='bbox 1245 2993 1338 3058; x_wconf 86' lang='lat' dir='ltr'><strong>thea-</strong></span> 
     </span>
     <span class='ocr_line' id='line_1_27' title="bbox 244 3090 1338 3178; baseline 0.005 -22"><span class='ocrx_word' id='word_1_213' title='bbox 244 3094 329 3156; x_wconf 88' lang='lat' dir='ltr'><strong>trum</strong></span> <span class='ocrx_word' id='word_1_214' title='bbox 357 3090 445 3156; x_wconf 85' lang='lat' dir='ltr'><strong>idem</strong></span> <span class='ocrx_word' id='word_1_215' title='bbox 476 3111 591 3158; x_wconf 78' lang='lat' dir='ltr'><strong>rursus</strong></span> <span class='ocrx_word' id='word_1_216' title='bbox 621 3093 833 3158; x_wconf 79' lang='lat' dir='ltr'><strong>arcenduut&#39;t</strong></span> <span class='ocrx_word' id='word_1_217' title='bbox 888 3091 1003 3178; x_wconf 77' lang='lat' dir='ltr'><strong>Atque</strong></span> <span class='ocrx_word' id='word_1_218' title='bbox 1025 3095 1081 3160; x_wconf 86' lang='lat' dir='ltr'><strong>lric</strong></span> <span class='ocrx_word' id='word_1_219' title='bbox 1107 3097 1237 3160; x_wconf 83' lang='lat' dir='ltr'><strong>reniam</strong></span> <span class='ocrx_word' id='word_1_220' title='bbox 1262 3116 1285 3161; x_wconf 83' lang='lat' dir='ltr'><strong>a</strong></span> <span class='ocrx_word' id='word_1_221' title='bbox 1305 3103 1338 3161; x_wconf 82' lang='lat' dir='ltr'><strong>te</strong></span> 
     </span>
     <span class='ocr_line' id='line_1_28' title="bbox 243 3193 1332 3280; baseline 0.003 -20"><span class='ocrx_word' id='word_1_222' title='bbox 243 3193 435 3261; x_wconf 86' lang='lat' dir='ltr'><strong>dircedendl</strong></span> <span class='ocrx_word' id='word_1_223' title='bbox 457 3209 587 3280; x_wconf 75' lang='lat' dir='ltr'><strong>precor,</strong></span> <span class='ocrx_word' id='word_1_224' title='bbox 608 3195 668 3279; x_wconf 89' lang='lat' dir='ltr'><strong>qui</strong></span> <span class='ocrx_word' id='word_1_225' title='bbox 691 3197 725 3260; x_wconf 93' lang='lat' dir='ltr'><strong>in</strong></span> <span class='ocrx_word' id='word_1_226' title='bbox 746 3195 834 3261; x_wconf 89' lang='lat' dir='ltr'><strong>libro</strong></span> <span class='ocrx_word' id='word_1_227' title='bbox 851 3213 907 3260; x_wconf 88' lang='grc' dir='ltr'><strong>ιιι.</strong></span> <span class='ocrx_word' id='word_1_228' title='bbox 928 3215 1038 3261; x_wconf 84' lang='lat' dir='ltr'><strong>eorum</strong></span> <span class='ocrx_word' id='word_1_229' title='bbox 1061 3216 1198 3263; x_wconf 84' lang='lat' dir='ltr'><strong>causam</strong></span> <span class='ocrx_word' id='word_1_230' title='bbox 1220 3195 1332 3276; x_wconf 83' lang='lat' dir='ltr'><strong>tuer&#39;ir,</strong></span> 
     </span>
     <span class='ocr_line' id='line_1_29' title="bbox 242 3297 1330 3384; baseline 0.004 -22"><span class='ocrx_word' id='word_1_231' title='bbox 242 3299 300 3382; x_wconf 88' lang='lat' dir='ltr'><strong>qui</strong></span> <span class='ocrx_word' id='word_1_232' title='bbox 315 3297 410 3379; x_wconf 90' lang='lat' dir='ltr'><strong>illud,</strong></span> <span class='ocrx_word' id='word_1_233' title='bbox 425 3303 435 3336; x_wconf 83' lang='lat'>‘</span> <span class='ocrx_word' id='word_1_234' title='bbox 452 3299 573 3365; x_wconf 85' lang='lat' dir='ltr'><strong>delirat</strong></span> <span class='ocrx_word' id='word_1_235' title='bbox 590 3299 716 3382; x_wconf 82' lang='lat' dir='ltr'><strong>lingua,</strong></span> <span class='ocrx_word' id='word_1_236' title='bbox 729 3299 843 3366; x_wconf 81' lang='lat' dir='ltr'><strong>madet</strong></span> <span class='ocrx_word' id='word_1_237' title='bbox 857 3298 973 3378; x_wconf 79' lang='lat' dir='ltr'><strong>meus,&#39;</strong></span> <span class='ocrx_word' id='word_1_238' title='bbox 983 3300 1055 3384; x_wconf 85' lang='lat' dir='ltr'><strong>jam</strong></span> <span class='ocrx_word' id='word_1_239' title='bbox 1067 3321 1118 3366; x_wconf 85' lang='lat' dir='ltr'><strong>rs.</strong></span> <span class='ocrx_word' id='word_1_240' title='bbox 1133 3302 1208 3366; x_wconf 77' lang='grc'><strong>454.</strong></span> <span class='ocrx_word' id='word_1_241' title='bbox 1219 3300 1330 3366; x_wconf 84' lang='lat' dir='ltr'><strong>audiri</strong></span> 
     </span>
     <span class='ocr_line' id='line_1_30' title="bbox 241 3401 1334 3486; baseline 0.001 -20"><span class='ocrx_word' id='word_1_242' title='bbox 241 3419 282 3466; x_wconf 77' lang='lat' dir='ltr'><strong>uc</strong></span> <span class='ocrx_word' id='word_1_243' title='bbox 318 3410 474 3466; x_wconf 75' lang='lat' dir='ltr'><strong>renouare</strong></span> <span class='ocrx_word' id='word_1_244' title='bbox 496 3401 643 3468; x_wconf 86' lang='lat' dir='ltr'><strong>volucre.</strong></span> <span class='ocrx_word' id='word_1_245' title='bbox 700 3401 772 3486; x_wconf 81' lang='lat' dir='ltr'><strong>Ego</strong></span> <span class='ocrx_word' id='word_1_246' title='bbox 794 3421 857 3468; x_wconf 91' lang='lat' dir='ltr'><strong>nou</strong></span> <span class='ocrx_word' id='word_1_247' title='bbox 882 3404 947 3468; x_wconf 84' lang='lat' dir='ltr'><strong>uisi</strong></span> <span class='ocrx_word' id='word_1_248' title='bbox 975 3421 1025 3468; x_wconf 82' lang='lat' dir='ltr'><strong>ra.</strong></span> <span class='ocrx_word' id='word_1_249' title='bbox 1049 3402 1124 3468; x_wconf 82' lang='grc'><strong>478.</strong></span> <span class='ocrx_word' id='word_1_250' title='bbox 1158 3403 1274 3470; x_wconf 80' lang='lat' dir='ltr'><strong>Poiitae</strong></span> <span class='ocrx_word' id='word_1_251' title='bbox 1299 3403 1334 3468; x_wconf 91' lang='lat' dir='ltr'><strong>id</strong></span> 
     </span>
     <span class='ocr_line' id='line_1_31' title="bbox 240 3501 1333 3589; baseline 0.002 -19"><span class='ocrx_word' id='word_1_252' title='bbox 240 3501 411 3570; x_wconf 79' lang='lat' dir='ltr'><strong>effluxisse</strong></span> <span class='ocrx_word' id='word_1_253' title='bbox 426 3505 553 3589; x_wconf 83' lang='lat' dir='ltr'><strong>opinor.</strong></span> <span class='ocrx_word' id='word_1_254' title='bbox 597 3505 667 3570; x_wconf 81' lang='lat' dir='ltr'><strong>Par</strong></span> <span class='ocrx_word' id='word_1_255' title='bbox 677 3507 762 3570; x_wconf 89' lang='lat' dir='ltr'><strong>ratio</strong></span> <span class='ocrx_word' id='word_1_256' title='bbox 773 3525 834 3570; x_wconf 86' lang='lat' dir='ltr'><strong>sex</strong></span> <span class='ocrx_word' id='word_1_257' title='bbox 844 3506 984 3572; x_wconf 84' lang='lat' dir='ltr'><strong>istorum</strong></span> <span class='ocrx_word' id='word_1_258' title='bbox 994 3525 1169 3572; x_wconf 84' lang='lat' dir='ltr'><strong>versuum:</strong></span> <span class='ocrx_word' id='word_1_259' title='bbox 1186 3510 1197 3541; x_wconf 91' lang='lat'>‘</span> <span class='ocrx_word' id='word_1_260' title='bbox 1213 3507 1333 3572; x_wconf 78' lang='lat' dir='ltr'><strong>Omnis</strong></span> 
     </span>
     <span class='ocr_line' id='line_1_32' title="bbox 239 3605 1333 3690; baseline 0.004 -20"><span class='ocrx_word' id='word_1_261' title='bbox 239 3605 326 3674; x_wconf 87' lang='lat' dir='ltr'><strong>euim</strong></span> <span class='ocrx_word' id='word_1_262' title='bbox 351 3625 414 3690; x_wconf 89' lang='lat' dir='ltr'><strong>per</strong></span> <span class='ocrx_word' id='word_1_263' title='bbox 436 3625 474 3672; x_wconf 82' lang='lat' dir='ltr'><strong>re</strong></span> <span class='ocrx_word' id='word_1_264' title='bbox 492 3605 615 3672; x_wconf 84' lang='lat' dir='ltr'><strong>Divom</strong></span> <span class='ocrx_word' id='word_1_265' title='bbox 640 3605 776 3684; x_wconf 86' lang='lat' dir='ltr'><strong>nutura,&#39;</strong></span> <span class='ocrx_word' id='word_1_266' title='bbox 790 3611 850 3674; x_wconf 80' lang='lat' dir='ltr'><strong>dre.</strong></span> <span class='ocrx_word' id='word_1_267' title='bbox 904 3606 983 3671; x_wconf 91' lang='lat' dir='ltr'><strong>Non</strong></span> <span class='ocrx_word' id='word_1_268' title='bbox 998 3627 1020 3672; x_wconf 84' lang='lat' dir='ltr'><strong>a</strong></span> <span class='ocrx_word' id='word_1_269' title='bbox 1035 3607 1154 3684; x_wconf 72' lang='lat' dir='ltr'><strong>Potito,</strong></span> <span class='ocrx_word' id='word_1_270' title='bbox 1177 3609 1236 3674; x_wconf 84' lang='lat' dir='ltr'><strong>sed</strong></span> <span class='ocrx_word' id='word_1_271' title='bbox 1257 3609 1333 3676; x_wconf 83' lang='lat' dir='ltr'><strong>ali·</strong></span> 
     </span>
     <span class='ocr_line' id='line_1_33' title="bbox 238 3707 1333 3797; baseline 0.002 -23"><span class='ocrx_word' id='word_1_272' title='bbox 238 3707 355 3774; x_wconf 82' lang='lat' dir='ltr'><strong>brariiu</strong></span> <span class='ocrx_word' id='word_1_273' title='bbox 370 3707 518 3775; x_wconf 82' lang='lat' dir='ltr'><strong>Lucretii</strong></span> <span class='ocrx_word' id='word_1_274' title='bbox 533 3708 838 3794; x_wconf 83' lang='lat' dir='ltr'><strong>interpolatoribus,</strong></span> <span class='ocrx_word' id='word_1_275' title='bbox 846 3711 932 3775; x_wconf 91' lang='lat' dir='ltr'><strong>libro</strong></span> <span class='ocrx_word' id='word_1_276' title='bbox 948 3726 972 3774; x_wconf 90' lang='grc' dir='ltr'><strong>ι.</strong></span> <span class='ocrx_word' id='word_1_277' title='bbox 984 3711 1182 3795; x_wconf 74' lang='lat' dir='ltr'><strong>anticipatos</strong></span> <span class='ocrx_word' id='word_1_278' title='bbox 1196 3731 1267 3790; x_wconf 83' lang='lat' dir='ltr'><strong>eos,</strong></span> <span class='ocrx_word' id='word_1_279' title='bbox 1280 3710 1333 3797; x_wconf 89' lang='lat' dir='ltr'><strong>(in</strong></span> 
     </span>
     <span class='ocr_line' id='line_1_34' title="bbox 238 3806 1331 3898; baseline 0.004 -24"><span class='ocrx_word' id='word_1_280' title='bbox 238 3827 352 3876; x_wconf 81' lang='lat' dir='ltr'><strong>aurem</strong></span> <span class='ocrx_word' id='word_1_281' title='bbox 376 3811 438 3875; x_wconf 87' lang='lat' dir='ltr'><strong>tibi</strong></span> <span class='ocrx_word' id='word_1_282' title='bbox 464 3806 574 3894; x_wconf 90' lang='lat' dir='ltr'><strong>dico,)</strong></span> <span class='ocrx_word' id='word_1_283' title='bbox 589 3817 697 3876; x_wconf 80' lang='lat' dir='ltr'><strong>certus</strong></span> <span class='ocrx_word' id='word_1_284' title='bbox 713 3829 806 3891; x_wconf 85' lang='lat' dir='ltr'><strong>rum;</strong></span> <span class='ocrx_word' id='word_1_285' title='bbox 844 3831 943 3878; x_wconf 81' lang='lat' dir='ltr'><strong>sacra</strong></span> <span class='ocrx_word' id='word_1_286' title='bbox 966 3811 1086 3878; x_wconf 84' lang='lat' dir='ltr'><strong>Matris</strong></span> <span class='ocrx_word' id='word_1_287' title='bbox 1103 3813 1226 3892; x_wconf 89' lang='lat' dir='ltr'><strong>Deum,</strong></span> <span class='ocrx_word' id='word_1_288' title='bbox 1255 3831 1331 3898; x_wconf 76' lang='lat' dir='ltr'><strong>qum</strong></span> 
     </span>
     <span class='ocr_line' id='line_1_35' title="bbox 236 3911 1331 3995; baseline 0.004 -19"><span class='ocrx_word' id='word_1_289' title='bbox 236 3911 439 3995; x_wconf 80' lang='lat' dir='ltr'><strong>explicanda</strong></span> <span class='ocrx_word' id='word_1_290' title='bbox 462 3918 563 3995; x_wconf 84' lang='lat' dir='ltr'><strong>etque</strong></span> <span class='ocrx_word' id='word_1_291' title='bbox 585 3912 751 3979; x_wconf 79' lang='lat' dir='ltr'><strong>irridenda</strong></span> <span class='ocrx_word' id='word_1_292' title='bbox 764 3915 952 3980; x_wconf 74' lang='lat' dir='ltr'><strong>reservabat</strong></span> <span class='ocrx_word' id='word_1_293' title='bbox 977 3915 1009 3978; x_wconf 94' lang='lat' dir='ltr'><strong>iu</strong></span> <span class='ocrx_word' id='word_1_294' title='bbox 1034 3914 1154 3980; x_wconf 90' lang='lat' dir='ltr'><strong>librum</strong></span> <span class='ocrx_word' id='word_1_295' title='bbox 1172 3933 1211 3980; x_wconf 85' lang='lat' dir='ltr'><strong>rr.</strong></span> <span class='ocrx_word' id='word_1_296' title='bbox 1240 3935 1331 3980; x_wconf 83' lang='lat' dir='ltr'><strong>snm·</strong></span> 
     </span>
     <span class='ocr_line' id='line_1_36' title="bbox 235 4013 1332 4100; baseline 0.002 -20"><span class='ocrx_word' id='word_1_297' title='bbox 235 4013 350 4080; x_wconf 75' lang='lat' dir='ltr'><strong>mutim</strong></span> <span class='ocrx_word' id='word_1_298' title='bbox 367 4014 617 4098; x_wconf 80' lang='lat' dir='ltr'><strong>perstricturus,</strong></span> <span class='ocrx_word' id='word_1_299' title='bbox 634 4021 733 4100; x_wconf 84' lang='lat' dir='ltr'><strong>atque</strong></span> <span class='ocrx_word' id='word_1_300' title='bbox 756 4015 804 4079; x_wconf 89' lang='lat' dir='ltr'><strong>ibi</strong></span> <span class='ocrx_word' id='word_1_301' title='bbox 826 4014 968 4093; x_wconf 84' lang='lat' dir='ltr'><strong>demum,</strong></span> <span class='ocrx_word' id='word_1_302' title='bbox 983 4035 1051 4082; x_wconf 92' lang='lat' dir='ltr'><strong>uuu</strong></span> <span class='ocrx_word' id='word_1_303' title='bbox 1065 4023 1156 4095; x_wconf 69' lang='lat' dir='ltr'><strong>antu,</strong></span> <span class='ocrx_word' id='word_1_304' title='bbox 1172 4037 1235 4082; x_wconf 84' lang='lat' dir='ltr'><strong>suu</strong></span> <span class='ocrx_word' id='word_1_305' title='bbox 1253 4018 1332 4083; x_wconf 86' lang='lat' dir='ltr'><strong>loco</strong></span> 
     </span>
     <span class='ocr_line' id='line_1_37' title="bbox 234 4113 1330 4202; baseline 0.001 -20"><span class='ocrx_word' id='word_1_306' title='bbox 234 4117 456 4200; x_wconf 78' lang='lat' dir='ltr'><strong>appariturus.</strong></span> <span class='ocrx_word' id='word_1_307' title='bbox 505 4113 582 4180; x_wconf 91' lang='lat' dir='ltr'><strong>Nun</strong></span> <span class='ocrx_word' id='word_1_308' title='bbox 605 4117 741 4182; x_wconf 77' lang='lat' dir='ltr'><strong>ulterius</strong></span> <span class='ocrx_word' id='word_1_309' title='bbox 762 4121 873 4182; x_wconf 84' lang='lat' dir='ltr'><strong>temen</strong></span> <span class='ocrx_word' id='word_1_310' title='bbox 894 4117 963 4182; x_wconf 81' lang='lat' dir='ltr'><strong>isto</strong></span> <span class='ocrx_word' id='word_1_311' title='bbox 982 4117 1122 4182; x_wconf 86' lang='lat' dir='ltr'><strong>concedi</strong></span> <span class='ocrx_word' id='word_1_312' title='bbox 1143 4119 1226 4182; x_wconf 86' lang='lat' dir='ltr'><strong>milri</strong></span> <span class='ocrx_word' id='word_1_313' title='bbox 1248 4138 1330 4202; x_wconf 84' lang='lat' dir='ltr'><strong>pos-</strong></span> 
     </span>
     <span class='ocr_line' id='line_1_38' title="bbox 234 4215 1329 4303; baseline 0.004 -21"><span class='ocrx_word' id='word_1_314' title='bbox 234 4215 313 4298; x_wconf 87' lang='lat' dir='ltr'><strong>tulo,</strong></span> <span class='ocrx_word' id='word_1_315' title='bbox 324 4217 387 4284; x_wconf 79' lang='lat' dir='ltr'><strong>uiri</strong></span> <span class='ocrx_word' id='word_1_316' title='bbox 397 4225 564 4302; x_wconf 80' lang='lat' dir='ltr'><strong>quatenus</strong></span> <span class='ocrx_word' id='word_1_317' title='bbox 574 4219 713 4303; x_wconf 75' lang='lat' dir='ltr'><strong>insigne,</strong></span> <span class='ocrx_word' id='word_1_318' title='bbox 722 4220 773 4284; x_wconf 93' lang='lat' dir='ltr'><strong>uti</strong></span> <span class='ocrx_word' id='word_1_319' title='bbox 784 4219 882 4297; x_wconf 84' lang='lat' dir='ltr'><strong>dixit,</strong></span> <span class='ocrx_word' id='word_1_320' title='bbox 896 4219 1106 4302; x_wconf 78' lang='lat' dir='ltr'><strong>sigrretumre</strong></span> <span class='ocrx_word' id='word_1_321' title='bbox 1117 4241 1158 4286; x_wconf 83' lang='lat' dir='ltr'><strong>uc</strong></span> <span class='ocrx_word' id='word_1_322' title='bbox 1167 4220 1329 4286; x_wconf 86' lang='lat' dir='ltr'><strong>meditato</strong></span> 
     </span>
     <span class='ocr_line' id='line_1_39' title="bbox 232 4315 1328 4408; baseline 0.005 -24"><span class='ocrx_word' id='word_1_323' title='bbox 232 4315 358 4386; x_wconf 80' lang='lat' dir='ltr'><strong>illatum</strong></span> <span class='ocrx_word' id='word_1_324' title='bbox 396 4320 532 4408; x_wconf 75' lang='lat' dir='ltr'><strong>aliquod</strong></span> <span class='ocrx_word' id='word_1_325' title='bbox 569 4320 696 4388; x_wconf 86' lang='lat' dir='ltr'><strong>dictum</strong></span> <span class='ocrx_word' id='word_1_326' title='bbox 735 4329 899 4405; x_wconf 85' lang='lat' dir='ltr'><strong>spectant.</strong></span> <span class='ocrx_word' id='word_1_327' title='bbox 968 4323 1060 4402; x_wconf 82' lang='lat' dir='ltr'><strong>Alia,</strong></span> <span class='ocrx_word' id='word_1_328' title='bbox 1098 4325 1328 4390; x_wconf 83' lang='lat' dir='ltr'><strong>communiora</strong></span> 
     </span>
    </p>
   </div>
   <div class='ocr_carea' id='block_1_3' title="bbox 0 0 1524 4864">
    <p class='ocr_par' dir='ltr' id='par_1_3' title="bbox 0 0 1524 4864">
     <span class='ocr_line' id='line_1_40' title="bbox 0 0 1524 4864; baseline 0 9"><span class='ocrx_word' id='word_1_329' title='bbox 0 0 1524 4864; x_wconf 95' lang='lat' dir='ltr'><strong> </strong></span> 
     </span>
    </p>
   </div>
   <div class='ocr_carea' id='block_1_4' title="bbox 1512 461 1524 1154">
    <p class='ocr_par' dir='ltr' id='par_1_4' title="bbox 1512 461 1524 1154">
     <span class='ocr_line' id='line_1_41' title="bbox 1512 461 1524 1154; baseline 0 0"><span class='ocrx_word' id='word_1_330' title='bbox 1512 461 1524 1154; x_wconf 95' lang='lat' dir='ltr'><strong> </strong></span> 
     </span>
    </p>
   </div>
  </div>
 </body>
</html>
