3038 4864
493 399 495 406 ¹
539 437 587 486 nu
612 437 699 486 vrrn
729 435 919 506 nuonnrrr.
1233 419 1276 488 37

176 579 234 646 dio
248 588 283 647 et
297 582 450 648 doctrine
460 581 654 660 instructus,
664 579 841 646 Lucretius
855 599 931 644 sese
946 579 989 644 ud
1003 577 1216 646 scribendum
1232 581 1274 646 de

173 689 410 751 naturererum
425 683 581 764 contulit;
596 683 764 750 scribendi
778 681 911 768 quidem
926 702 1041 766 genus,
1056 691 1090 750 et
1100 683 1232 768 ligurus,
1243 690 1278 748 et

174 785 492 874 grandiloquentiam
504 785 718 872 Empedoclis
727 792 875 864 secutus,
885 786 1057 852 materiam
1066 807 1158 867 vero,
1167 792 1200 852 et
1210 805 1275 864 res,
1397 857 1402 882 '

176 889 220 954 nb
231 889 393 974 Epteuro,
411 889 507 974 cujus
527 889 745 974 disciplinam
758 895 792 955 et
806 889 940 955 decretu
951 889 1130 970 adornaret,
1144 898 1276 956 mutuo·

175 997 239 1056 tris.
281 989 396 1077 Atque
421 991 621 1076 Empedocli
635 991 769 1076 quidem
784 993 983 1076 praeclnram
997 994 1137 1076 gratiam
1152 997 1276 1074 retulit,

175 1096 313 1180 egregiis
325 1102 361 1160 ct
370 1094 715 1160 honorificentissimis
725 1093 879 1160 versibus
891 1094 925 1158 in
937 1113 1013 1159 enm
1027 1096 1174 1182 scriptis,
1188 1097 1275 1164 libro

178 1213 202 1260 ι.
219 1197 294 1262 717.

260 1298 416 1379 Quorum
431 1298 680 1382 Agragantinas
694 1318 773 1364 cum
787 1299 901 1384 primis
916 1299 1140 1386 Empedocles
1155 1311 1221 1382 est,

261 1397 379 1467 Insula
393 1422 493 1488 quem
509 1401 696 1486 Triquetris
711 1407 869 1468 terrerum
885 1404 990 1486 gessit
1003 1405 1037 1469 in
1051 1405 1131 1484 oris,
1151 1409 1212 1471 &c

175 1505 327 1590 seqnitur
342 1505 478 1572 deiude:
629 1571 635 1588 ,

262 1606 348 1687 Qum
364 1628 438 1676 cunt
453 1629 573 1693 magna
586 1608 696 1676 modis
711 1607 825 1674 multis
839 1607 992 1674 mirande
1004 1609 1135 1676 videtur

259 1709 427 1778 Gentibus
442 1711 597 1780 humenis
611 1712 713 1794 regio,
729 1710 935 1795 verendaque
949 1711 1063 1790 fertur,

260 1811 379 1878 Rebus
393 1814 510 1898 opimo
524 1815 634 1893 bonis,
649 1813 757 1880 multo
770 1812 897 1878 munito
908 1814 1014 1879 virum
1028 1815 1078 1896 ri;

261 1913 320 1981 Nil
330 1923 440 1982 minen
454 1915 521 1983 hoc
535 1917 696 1985 habuisse
711 1916 783 1982 viro
797 1915 990 1999 preclarius
1004 1917 1039 1982 in
1051 1939 1102 1996 se,

261 2017 335 2083 Nec
350 2025 503 2086 sunctum
517 2020 633 2104 magis,
648 2027 684 2087 et
696 2019 826 2098 mirum,
841 2038 1021 2105 carumque
1034 2021 1171 2086 ridetur.

260 2119 418 2190 Carmina
432 2121 514 2206 quin
528 2121 628 2190 etium
643 2121 749 2194 divini
764 2123 913 2207 pectoris
929 2121 1004 2206 ejus

258 2223 507 2304 vociferentur,
522 2229 557 2292 et
571 2230 746 2309 exponunt
758 2227 924 2308 preclara
935 2236 1090 2311 reperta3

258 2325 306 2394 Ut
320 2328 381 2394 rix
395 2327 541 2394 humane
553 2327 704 2396 ridentur
716 2329 822 2412 stirpe
837 2335 983 2394 creotns.

172 2429 355 2516 Epicurum
379 2449 472 2508 vero,
496 2432 691 2515 magistrum
713 2441 748 2497 et
769 2431 887 2497 ducem
911 2451 1020 2512 sunm,
1035 2431 1158 2500 divinis
1171 2453 1273 2518 prope

172 2534 330 2602 leudibus
344 2535 486 2613 ornarit,
502 2533 604 2619 idque
618 2535 726 2600 tribus
737 2533 843 2601 locis:
865 2553 944 2613 uno,
969 2534 1273 2620 post'prooeurinm

172 2637 232 2704 lib.
249 2655 272 2704 ι.
287 2637 341 2704 63.

260 2741 423 2809 Humana
434 2745 511 2808 ente
524 2741 641 2809 oculos
655 2739 747 2808 ioede
761 2759 839 2808 cum
853 2739 926 2805 rita
934 2738 1077 2824 jaceret,
1093 2742 1156 2808 uc.

259 2843 411 2910 Primum
426 2841 551 2910 Graius
565 2841 667 2909 homo
680 2842 853 2909 mortoieis
868 2841 1006 2908 tendere
1027 2849 1144 2908 contre

259 2945 324 3012 Est
340 2945 460 3012 oculos
475 2963 592 3023 ausus,
603 2947 795 3030 primusque
811 2946 972 3012 obsistere
986 2953 1123 3012 coum:

259 3045 372 3128 Quem
385 3066 446 3114 nec
461 3047 552 3112 fumo
567 3044 689 3124 Deum,
702 3067 766 3114 nec
778 3047 929 3128 fulmine,
943 3069 1006 3116 nec
1021 3049 1189 3116 minitanti

146 3175 147 3178 ¹
257 3147 429 3218 Murmure
445 3151 645 3233 compressit
660 3150 794 3230 coelnm,
809 3151 871 3218 sed
887 3171 929 3218 eo
942 3153 1048 3235 magis
1059 3171 1172 3218 eorem

257 3251 424 3321 Virtutem
439 3251 551 3320 inritat
564 3253 680 3330 enimi,
695 3252 898 3336 confringere
914 3259 953 3318 ut
967 3260 1039 3320 artu

258 3355 401 3422 Noturae
415 3357 542 3440 primus
556 3361 727 3440 porterum
743 3355 891 3422 claustro
905 3357 1047 3441 cupiret.

257 3457 345 3542 Ergo
361 3457 477 3526 vivida
490 3457 544 3522 vis
559 3457 660 3524 enimi
676 3459 831 3543 pervicit,
845 3465 880 3526 et
894 3464 991 3535 extre

256 3561 431 3630 Processit
444 3559 544 3644 longe
558 3559 767 3628 flammantia
781 3563 905 3630 moenia
919 3560 1057 3643 mundi3

256 3661 368 3748 Atque
382 3681 483 3728 omne
498 3661 696 3728 immensum
711 3665 902 3748 peragrarit
912 3677 1030 3743 mente,
1042 3663 1230 3752 animoque,

257 3765 356 3834 Unde
370 3764 469 3832 refert
481 3764 581 3830 nobis
595 3765 715 3844 victor,
730 3767 814 3850 quid
828 3767 939 3852 possit
953 3767 1044 3846 oriri,
1060 3769 1122 3834 &c

170 3871 276 3938 altero
290 3869 382 3947 loco,
392 3867 428 3932 in
441 3867 607 3952 prooemio
620 3865 677 3933 lib.
694 3883 752 3932 ιιι.
763 3868 816 3932 his
832 3867 952 3934 rersib.

256 3971 288 4040 E
302 3970 448 4040 tenebris
461 3969 566 4036 tentis
578 3973 646 4036 tem
664 3968 789 4035 clarum
804 3969 966 4036 extollere
980 3967 1093 4034 lumen

252 4073 322 4154 Qui
336 4073 465 4158 primus
480 4071 635 4157 potuisti,
648 4071 827 4138 inlustrans
841 4073 1017 4139 commodo
1030 4071 1121 4152 vitre,

256 4177 308 4242 Te
324 4195 458 4260 sequor,
473 4193 495 4240 o
510 4171 623 4240 Graiae
636 4176 742 4258 gentis
757 4175 876 4254 decus,
891 4176 993 4260 inque
1009 4175 1077 4240 tuis
1089 4196 1177 4242 nuuc

261 4277 352 4346 Fixe
365 4277 493 4364 pedum
508 4295 598 4362 pono
610 4277 736 4362 pressis
747 4277 891 4362 vestigia
905 4278 1022 4360 signis,
1038 4281 1098 4344 isc.
