3154 4884
275 405 342 473 294
653 427 687 473 r.
711 426 892 477 nucnnrrr
917 430 1007 478 cler

275 566 516 644 Fundamenta,
532 567 656 651 quibus
671 569 796 635 nitatur
809 591 939 638 summa
953 571 1092 638 solutis:

276 668 331 734 Nc
346 669 406 734 tibi
420 687 473 732 res
487 667 619 735 redeant
634 670 679 734 ed
694 671 832 736 nihilum
846 672 997 738 funditus
1013 693 1138 740 omnes.

320 769 421 835 Nunc
437 789 488 848 en,
503 790 580 853 quee
593 773 714 836 sentire
728 774 883 838 videmus
894 794 1079 859 quomque,
1092 797 1232 844 necesse
1244 783 1307 858 est,

276 871 330 936 Ex
345 871 556 936 insensilibus
578 878 690 938 tumen
704 875 814 939 omniu
828 875 1006 940 confiteare
1088 943 1090 948 ,
1305 879 1371 946 865

275 974 455 1059 Principiis
471 982 642 1040 constare:
663 996 769 1060 neque
780 975 814 1041 id
828 977 1005 1042 manifeste
1018 978 1177 1057 refutent,

276 1076 352 1142 Nec
368 1082 485 1142 contra
499 1083 659 1160 pugnant,
674 1078 881 1161 inpromptu
896 1080 1032 1162 cognitu
1047 1099 1125 1163 quae
1141 1086 1239 1162 sunt;

276 1178 344 1244 Sed
358 1179 466 1261 magis
481 1180 557 1263 ipsa
571 1197 669 1242 monn
683 1178 818 1254 ducunt,
831 1186 866 1243 et
876 1180 1010 1245 credere
1024 1187 1157 1262 cogunt,

275 1280 330 1345 Ex
339 1281 570 1359 insensilibus,
586 1281 678 1366 quod
695 1279 783 1357 dico,
799 1281 958 1346 numella
971 1283 1071 1365 gigni.

318 1382 455 1468 Quippe
469 1383 584 1448 videre
597 1383 687 1459 licet,
709 1383 808 1447 vivos
821 1384 981 1447 exsistere
995 1384 1138 1449 vermeis
1308 1385 1371 1451 870

274 1485 427 1550 Stercore
440 1485 483 1549 de
494 1493 591 1563 tetro,
603 1491 751 1568 putorem
767 1503 870 1568 quom
885 1485 952 1548 eibi
968 1491 1069 1550 nacta
1084 1491 1149 1563 est,

275 1587 530 1671 intempestivis
544 1606 588 1650 ex
601 1587 762 1650 imbribus
776 1584 924 1663 humide,
939 1586 1050 1650 tellus.

274 1688 453 1766 Praeterea,
467 1692 604 1752 cunctas
619 1687 739 1751 itidem
752 1705 805 1752 res
819 1692 949 1751 vortere
964 1707 1055 1752 sese:

273 1870 343 1918 retus
357 1869 491 1934 gignendis
499 1869 644 1930 fundamine
661 1874 760 1930 erese,
776 1868 861 1932 quites
876 1873 927 1918 tete
940 1883 1023 1918 rernm
1035 1869 1180 1920 crementio
1196 1869 1325 1933 innitens,
1343 1886 1373 1921 ne

272 1935 375 1983 scilicet
386 1949 424 1982 res
434 1942 535 1983 cuncter
546 1938 694 1984 revertentur
704 1933 750 1983 titi
758 1936 853 1996 pentius
863 1935 894 1982 ed
905 1934 1012 1982 usuum.
1045 1935 1104 1982 dent
1120 1949 1174 1983 cere
1185 1940 1277 1998 eportet
1288 1942 1314 1986 ut
1331 1951 1372 1986 ne·

272 1997 483 2056 mundnsuteusis
493 2013 533 2048 ees
543 2012 585 2047 res
596 2013 683 2059 omnes,
697 2013 755 2060 quus
765 1999 879 2046 cemimus
897 1997 982 2046 dudm
996 2012 1100 2058 mese,
1111 1998 1171 2062 fieri
1181 2004 1259 2048 terren
1272 2014 1304 2048 ee
1319 2000 1372 2062 pri·

272 2062 382 2123 snnrdiis,
398 2077 455 2124 qne
467 2068 562 2111 merent
578 2077 664 2120 senem·
680 2077 754 2124 neque
776 2074 816 2109 res
834 2063 914 2122 eluroe,
931 2077 982 2124 qne
999 2062 1072 2110 nobis
1089 2068 1151 2110 note
1163 2068 1220 2112 sent
1239 2063 1265 2112 in
1282 2069 1373 2126 uper-to,

272 2126 383 2185 m'etinet
394 2125 457 2174 istud
468 2131 509 2174 urst
520 2127 592 2176 dium
604 2128 761 2187 impugnent:
777 2139 857 2174 enum
873 2126 953 2188 petius
962 2125 1019 2188 ipse
1036 2127 1125 2175 timet
1143 2140 1190 2174 nos
1206 2127 1279 2190 qussi
1291 2142 1371 2187 mnu,

272 2194 299 2238 st
309 2188 408 2248 seriem
426 2191 519 2239 cresim
537 2189 619 2250 istud,
633 2191 694 2253 qnod
704 2192 783 2249 decen
798 2203 893 2248 nempe
904 2190 1018 2238 enisnutie
1034 2190 1145 2250 genem
1163 2204 1194 2239 ee
1210 2191 1299 2252 rebus,
1314 2206 1373 2256 quse

273 2260 354 2303 ceretu
364 2269 441 2304 seru.
477 2255 585 2316 Namque
595 2268 688 2302 cernue
699 2258 734 2302 est
746 2253 849 2302 eirenes
859 2267 948 2301 uersus
958 2254 1057 2304 osiride
1068 2255 1156 2314 soetido
1166 2262 1323 2316 excremento,
1333 2255 1373 2306 ndt'

273 2321 339 2368 terre
346 2319 568 2367 munemne
577 2317 624 2366 sibi
632 2317 780 2380 putredinem
787 2332 817 2366 ee
824 2317 913 2380 pinciis
924 2319 1119 2382 eoneppertnsnis.
1135 2318 1228 2369 Deinde
1235 2318 1323 2368 videre
1332 2329 1374 2368 est

271 2383 384 2433 similiter
393 2387 482 2432 meus
492 2397 531 2431 res
544 2387 635 2432 suntne
648 2397 698 2431 sese
709 2382 829 2432 invicem.
863 2382 982 2445 Namque
994 2397 1018 2432 v.
1029 2397 1055 2446 g.
1064 2381 1179 2446 limine,
1190 2381 1262 2446 felin,
1278 2389 1303 2433 et
1317 2398 1373 2447 pes·

273 2573 326 2618 set.
341 2573 395 2618 snut
404 2568 547 2632 Rip-eos
563 2567 667 2618 sidenem
677 2575 760 2618 undu
772 2567 840 2618 idus.
853 2567 885 2617 B.
897 2571 921 2617 1.
933 2566 1050 2617 0.-865
1066 2563 1242 2616 ἐκιωῦἰὶὶὺυι
1253 2565 1326 2616 Fert.
1338 2566 1371 2615 V.

272 2633 396 2684 ed.-de
411 2639 521 2698 reputent
532 2633 611 2682 Vind.
622 2633 656 2681 V.
666 2633 706 2682 ed.
718 2632 796 2681 Viud.
808 2631 841 2681 fr.
859 2632 927 2681 Mus.
938 2631 971 2680 B.
979 2634 1005 2681 8.
1013 2635 1038 2682 8.
1056 2631 1134 2682 Ceut.
1150 2631 1201 2680 Tb.
1210 2631 1260 2679 Rs.
1285 2643 1371 2692 repug-

272 2702 331 2747 nent
342 2697 375 2748 Ο.
386 2699 456 2748 Mus.
466 2699 498 2747 B.
509 2703 532 2748 1.
542 2699 574 2747 V.
585 2711 664 2759 mnrg.
677 2700 785 2746 1.-889
800 2698 857 2745 dero
868 2695 901 2744 P.
913 2694 974 2746 Atd.
994 2695 1054 2746 Bes.
1073 2697 1237 2758 merge-titi
1252 2697 1372 2756 petrones

272 2759 350 2813 Bodl.
359 2763 434 2814 Voss.
447 2763 476 2813 la.
487 2765 517 2813 B.
527 2763 588 2827 Bip.
598 2762 666 2813 Heu.
676 2760 852 2825 Daph-8⁷³
862 2761 888 2809 ie
898 2761 961 2808 were
971 2759 1005 2809 P.
1017 2760 1049 2810 V.
1058 2759 1101 2810 ed.
1114 2760 1187 2810 Fert.
1196 2759 1245 2808 Th.
1255 2759 1303 2808 Rs.
1311 2757 1371 2809 ete.

768 2875 878 2928 NOTAE

305 2979 354 3026 888
370 2975 601 3040 Pammene]
616 2975 802 3042 Siceniutpro·
842 2971 912 3039 gigni
929 2986 962 3022 ex
976 2971 1147 3022 insensilibus.
1179 2967 1289 3020 Vermes
1300 2981 1370 3018 uem·

272 3051 361 3102 bsturn
373 3061 414 3104 est
423 3066 444 3102 1.
454 3058 512 3103 874.
523 3061 550 3103 et
561 3069 633 3119 seqq.
842 3068 901 3124 qne,
912 3051 1005 3118 lnquit,
1022 3051 1074 3099 visi
1085 3050 1204 3100 oriuntur
1214 3064 1229 3099 e
1246 3055 1371 3110 stercore,

304 3127 502 3192 amunte]
512 3129 598 3193 delus,
607 3136 636 3180 et
646 3131 801 3181 niteremur.
842 3145 909 3195 eque
920 3128 1031 3193 putridis
1040 3134 1117 3177 terre
1125 3127 1219 3192 glebis.

271 3203 431 3255 Slcrvittitt.
877 3207 996 3269 Quousque
1022 3202 1145 3267 [Cnnqne]
1170 3199 1273 3252 Turesis
1299 3200 1370 3250 scrin

304 3285 354 3333 888
371 3281 518 3344 Netitires,
526 3281 577 3347 ise]
595 3280 645 3332 liic
661 3295 700 3331 vs.
711 3282 803 3333 multo·
842 3294 1011 3348 quecunque.

270 3356 533 3423 tiesrepetitnrupnd
545 3357 702 3408 Lucretium.
717 3359 804 3422 Supte
873 3361 922 3407 870
930 3357 1021 3419 erippe
1027 3353 1173 3409 rideredeet.
1182 3349 1286 3416 tse.]Sic
1292 3351 1370 3400 eslere

272 3447 322 3482 sss.
332 3435 389 3482 781.
401 3437 458 3481 781.
475 3445 495 3481 r.
506 3435 564 3481 871.
574 3433 631 3479 791.
643 3433 692 3480 dre.
842 3447 904 3496 upes
922 3441 1064 3480 nuscuntur
1084 3444 1116 3479 ex
1134 3429 1217 3478 ritulo
1235 3425 1369 3488 suffocato,

220 3563 226 3573 ,
303 3510 351 3556 861
369 3507 489 3568 Nissen,
504 3505 662 3568 munire,
679 3503 732 3566 tre]
748 3505 797 3554 His
841 3505 1078 3571 etputrefreto,nt
1095 3505 1132 3554 nit
1147 3503 1221 3566 Virg.
1242 3502 1370 3553 (tooure.

271 3587 327 3635 tte.
339 3597 387 3632 uss.
403 3581 479 3631 elisur
492 3581 549 3644 jein
569 3581 601 3630 sb
618 3580 796 3632 ntemtsetinm
839 3583 874 3632 Et
885 3581 965 3632 oud.
976 3581 1016 3631 M.
1033 3592 1083 3629 xv.
1115 3579 1150 3628 Et
1167 3577 1240 3627 Fust.
1251 3591 1271 3626 1.
1289 3577 1369 3626 ‘Fer-

268 3657 443 3716 effectionem,
467 3671 512 3707 scu
537 3656 699 3721 qualitatem,
718 3671 795 3722 qnnrn
838 3664 900 3708 rent
909 3654 1103 3719 ersmlnepntri
1115 3655 1155 3704 De
1165 3652 1246 3702 boves
1264 3651 1334 3700 mille
1343 3665 1370 3702 s·

269 3735 388 3796 dicimus,
406 3739 516 3784 conetur
534 3746 624 3782 escere
640 3731 795 3792 Lucretium
836 3735 918 3785 nimus
930 3728 1181 3784 unsnecetndedit!
1207 3728 1250 3779 Sic
1260 3728 1338 3779 Diod.
1350 3743 1371 3778 r·

269 3811 398 3875 docetque
418 3816 515 3859 sternes
530 3808 613 3857 omnis
632 3821 723 3855 sensus
739 3820 795 3856 esse
835 3809 908 3862 initio
918 3809 999 3860 trudit
1008 3821 1093 3857 mures
1102 3819 1207 3870 meqnos
1216 3805 1295 3855 certis
1305 3812 1370 3855 tm.

267 3892 401 3950 expertes,
416 3883 530 3949 quemvis
549 3896 582 3932 ex
598 3883 629 3930 lis
639 3888 796 3943 generentur
837 3886 942 3947 peribus
965 3884 991 3932 ln
1016 3897 1077 3946 egro
1097 3882 1223 3932 Thebano
1239 3895 1272 3930 ex
1288 3887 1367 3932 terre

268 3959 381 4022 sensilis,
397 3967 426 4010 et
444 3959 571 4008 nnlruslin.
610 3957 686 4006 Hunc
706 3963 794 4007 sutem
836 3959 916 4024 glebis
925 3958 1016 4008 solitos
1027 3956 1108 4020 nesci,
1118 3957 1161 4022 qui
1172 3962 1304 4006 rustureut
1315 3970 1369 4005 esu·

268 4035 413 4086 doctrinam
426 4034 502 4083 seriis
518 4031 654 4083 confirmet
665 4032 798 4096 exemplis,
838 4033 890 4083 nis.

266 4110 477 4176 erguureutisqne
500 4111 600 4159 estruit.
635 4109 689 4160 Sed
705 4109 737 4160 ds
759 4111 797 4161 his
869 4113 918 4159 878
939 4107 1124 4171 intenpestieis]
1134 4108 1194 4158 Non
1203 4107 1369 4173 opportunis,

265 4187 405 4252 sigillatim.
437 4185 533 4249 ltuqne
551 4184 590 4233 ltis
600 4191 625 4234 o.
636 4199 686 4235 vss.
705 4184 798 4248 priori·
838 4192 913 4234 extre
926 4191 1029 4248 tempus
1040 4183 1202 4234 cudentibus.

267 4263 315 4313 bus
331 4261 425 4328 probet
436 4275 455 4313 s.
473 4261 507 4311 ab
518 4259 683 4324 experientis
694 4260 797 4310 sensilis
869 4265 917 4314 871
937 4261 1067 4324 Pruteeu,
1085 4263 1180 4310 nudes
1198 4260 1291 4324 itidem,
1312 4259 1368 4324 isc]
