3038 4864
247 411 291 477 ba
594 423 795 472 ssaansur
820 421 998 470 earrcnnr

233 569 460 635 ,Naturalium
470 564 714 645 Quaestionum,
729 565 885 631 exordio:
901 585 1009 630 nonne
1024 572 1059 630 et
1071 583 1134 630 nos
1148 566 1346 632 mirabimur

248 671 453 748 Lucretium,
466 671 498 734 in
511 671 629 755 puerili
642 671 882 736 delectamento
895 685 962 733 non
977 671 1040 733 nisi
1055 668 1148 734 bella
1163 687 1205 734 ao
1221 669 1346 750 caedes,

249 773 410 840 victorias
424 778 458 837 et
473 771 596 850 clades,
611 773 724 846 animo
735 773 1004 854 concipientemt
1027 770 1191 854 Expende
1199 790 1344 848 mecum,

250 877 279 942 si
296 875 419 959 placet,
431 875 524 953 illud,
540 875 630 960 quod
643 876 703 940 lib.
719 890 774 938 ιιι.
798 875 889 940 circa
909 874 1020 958 linem,
1041 875 1219 938 habemus:
1242 879 1252 908 ‘
1269 873 1344 940 Soi-

250 978 381 1063 piades,
397 977 480 1044 belli
494 975 641 1043 fulmen!
658 976 746 1057 Quis
758 977 863 1042 lutor!
881 974 992 1054 Quam
1005 976 1213 1042 ardunsille!
1239 975 1346 1040 Nem·

249 1101 291 1165 pe
307 1080 483 1146 dicendum
496 1087 577 1158 erut,
591 1079 814 1164 Imperatores
829 1099 980 1165 quoqne,
992 1099 1032 1144 ne
1044 1079 1199 1162 exceptis
1210 1077 1345 1163 quidem

249 1183 443 1248 fortissimis
459 1182 526 1247 illis
541 1182 719 1262 Romanis,
735 1189 872 1248 mortem
887 1182 1021 1248 tandem
1046 1181 1182 1258 obiisse,
1197 1180 1261 1246 hoo
1281 1187 1345 1258 est,

252 1284 299 1361 id,
307 1285 397 1368 qnod
407 1303 505 1348 ιιιο
518 1284 702 1362 nesciebat,
710 1285 799 1369 quod
815 1304 933 1350 omnes
942 1303 1007 1348 uno
1019 1301 1077 1348 ore
1090 1283 1198 1361 fateri,
1207 1282 1298 1367 qood
1307 1283 1344 1346 in

234 1388 398 1465 circulis,
417 1389 453 1451 in
467 1386 589 1466 triviis,
604 1388 639 1450 in
649 1389 827 1471 gynaecia,
841 1392 875 1451 et
889 1386 981 1469 apud
997 1405 1164 1461 morosos,
1173 1405 1342 1451 somnum-

251 1511 317 1576 que
336 1489 560 1556 detrectantes
575 1489 753 1572 puerulos,
769 1509 837 1573 qua
851 1489 925 1565 viri,
943 1509 1011 1572 qua
1032 1489 1251 1564 mulierculae,
1269 1505 1348 1552 nur-

249 1613 322 1660 rare
336 1592 452 1658 idonei
464 1599 568 1656 erant
584 1589 674 1670 Quid
692 1590 835 1656 Nosterl
862 1589 942 1656 Non
956 1591 1134 1660 universos
1144 1591 1222 1658 illos
1235 1589 1346 1674 Impe-

249 1704 390 1772 ratores,
402 1701 463 1758 aut
471 1693 662 1776 Scipiones,
674 1700 730 1758 aut
741 1694 839 1770 duos,
851 1693 911 1758 sed
921 1695 1034 1760 unum!
1049 1694 1107 1758 sed
1117 1694 1221 1759 illumi
1236 1711 1346 1778 neque

179 1855 181 1860 ,
252 1801 365 1878 dium,
375 1816 478 1884 qnam
488 1796 548 1882 qui
555 1795 695 1861 nimium
705 1803 865 1881 quantum
879 1802 950 1860 tum
959 1796 1143 1874 celeritate,
1157 1795 1345 1861 tumlaoili-

251 1908 318 1968 tate
327 1901 540 1966 victoriarum
553 1900 653 1984 vulgo
667 1908 768 1966 notus
783 1904 865 1976 erat,
882 1899 1084 1965 Hannibalis
1099 1899 1344 1976 debellatorem,

250 2004 287 2068 in
297 2001 488 2085 exemplum
498 2004 663 2087 proponit,
678 2011 713 2069 et
728 2005 829 2068 simul
844 2003 950 2086 digito
965 2023 1042 2068 oum
1055 2003 1159 2068 veluti
1173 2009 1347 2078 monstrat,

251 2111 287 2168 et
301 2104 336 2168 in
351 2104 473 2170 coelum
487 2104 562 2169 Viri
572 2105 711 2187 gloriam
723 2105 871 2171 fulminis
886 2105 1010 2190 etipse
1025 2105 1104 2183 ritu,
1118 2105 1268 2184 extollit3
1279 2121 1344 2168 non

248 2212 423 2272 contentus
445 2226 582 2291 quoque
601 2214 765 2273 mortuum
790 2207 901 2274 dicere
925 2207 1131 2292 simpliciter,
1157 2205 1227 2284 sed,
1247 2207 1347 2288 longe

252 2310 437 2392 angustiori
455 2311 598 2392 imagine
613 2329 655 2375 ao
670 2329 765 2390 sono,
788 2310 942 2377 intonans
963 2311 1101 2396 potius:
1124 2315 1135 2346 ‘
1152 2307 1343 2394 Scipiades,

251 2411 331 2476 belli
345 2411 481 2490 fulmen,
496 2411 712 2497 Karthaginis
726 2415 852 2494 horror,
868 2413 959 2481 Ossa
972 2414 1066 2480 dedit
1079 2413 1197 2490 terrac‚'
1212 2417 1273 2477 &a
1295 2411 1347 2476 En

251 2512 347 2578 illum
363 2515 438 2593 tihi,
460 2517 520 2598 qni
534 2515 639 2581 veluti
653 2536 674 2581 a
688 2517 815 2601 vulgari
839 2517 984 2602 quadam
1009 2515 1188 2593 cantilena,
1213 2535 1347 2599 nempe,

251 2615 424 2682 ‘Lumina
446 2617 496 2682 sis
514 2617 620 2683 oculis
644 2620 746 2684 etiam
761 2621 871 2685 honus
893 2619 1011 2686 Ancus
1029 2619 1182 2703 reliquit,’
1202 2636 1347 2684 exorsus

250 2718 367 2785 fuerat
413 2721 579 2786 Nimirum
593 2727 628 2807 ql
644 2721 743 2809 θεωρίᾳ
756 2723 805 2785 καὶ
817 2723 922 2808 διανοίᾳ
933 2727 991 2798 Ιι’ἧς
1012 2723 1098 2784 αὐτοῦ
1123 2722 1254 2801 ὗπιβολῆς
1268 2723 1349 2788 atti

252 2819 366 2901 σι’μπας
380 2820 486 2902 κόσμος
501 2826 592 2908 iperi,
606 2827 688 2887 ἀλλὰ
703 2823 751 2889 real
773 2826 837 2900 τοὺς
856 2830 908 2889 rori
922 2822 1097 2911 περιέχοντος
1110 2823 1249 2900 πολλάκις
1272 2822 1349 2912 ὅςιος

253 2921 429 3000 inscissura
444 2929 474 2988 at
490 2923 614 2987 ἓπῐιοιαι.
658 2925 745 3005 Quae
772 2928 911 3011 longini
935 2929 1035 2993 verba
1061 2935 1149 3005 sunt,
1169 2921 1268 3011 quasi
1290 2947 1350 2994 ex·

254 3043 371 3109 pressa
385 3042 429 3088 ex
453 3025 534 3105 illis,
560 3026 682 3110 quibus
697 3027 779 3111 lpse
796 3029 977 3114 Epicurum
1003 3049 1100 3096 suum
1122 3032 1348 3116 prosequitur,

339 3229 428 3312 Ergo
443 3229 555 3295 vivida
570 3229 623 3294 ris
640 3233 741 3296 animi
756 3235 910 3316 pervicit,
922 3243 956 3299 et
970 3243 1063 3301 extra
1341 3309 1345 3320 ,

340 3331 513 3398 Processit
526 3335 622 3419 longe
637 3333 843 3408 flammantia
856 3339 977 3404 muenia
991 3341 1119 3419 mundi,
1133 3344 1195 3407 διο.
1257 3327 1264 3352 ’

255 3431 347 3498 Hinc
364 3452 460 3515 porro
474 3454 583 3519 neque
594 3455 787 3504 csusaesuae
803 3439 951 3525 inopiam
960 3443 1155 3508 erubescere
1166 3443 1247 3508 mihi
1257 3443 1350 3508 vide·

254 3541 320 3611 tnr,
334 3532 416 3599 lieet
430 3535 648 3618 stoliditatis,
663 3557 728 3604 non
742 3547 882 3620 tantum,
903 3541 963 3608 sed
986 3552 1019 3609 et
1040 3544 1243 3628 Impietatis,
1271 3546 1350 3609 item

254 3636 439 3719 Superbiae,
458 3638 651 3724 Spurcitiel,
668 3641 878 3724 Petulantia,
893 3650 954 3712 &c
969 3653 1084 3714 notum
1098 3647 1187 3732 apud
1201 3647 1351 3731 reliquos
1410 3707 1416 3718 .
1507 3667 1508 3688 ι

256 3737 541 3825 Philosophorum
564 3745 630 3809 lere
650 3745 814 3812 incurrere
832 3756 987 3815 oameret.
1029 3749 1063 3814 -E
1076 3750 1242 3815 contrario
1257 3756 1351 3816 tanto

254 3841 358 3906 altius
372 3841 551 3908 identidem
575 3847 658 3928 erigi
680 3848 810 3927 uideas,
825 3857 951 3935 quanto
974 3853 1136 3918 miseriori
1162 3853 1234 3918 luto
1250 3859 1288 3918 ut
1302 3853 1351 3918 ita

256 3945 381 4021 dicam,
405 3944 600 4030 depressum
622 3969 697 4015 sese
720 3951 951 4035 deprehendit,
974 3955 1076 4020 dictis
1094 3956 1223 4035 saltem,
1238 3957 1269 4022 si
1281 3975 1348 4022 non

256 4047 507 4131 certauitque
523 4053 681 4133 superior.
725 4053 794 4131 Ita,
810 4075 866 4120 ex.
881 4077 928 4138 gr.
945 4074 986 4122 rr.
1002 4059 1101 4123 1092.

342 4145 444 4227 Nam,
456 4151 538 4234 proh
554 4159 674 4218 sancta
688 4155 797 4221 Deum
813 4158 991 4241 tranquilla
1004 4165 1138 4242 pectora
1153 4179 1251 4243 pube,

343 4247 413 4330 Qut
428 4253 599 4337 placidum
614 4255 739 4340 degunt
753 4277 876 4337 aemm,
893 4261 1064 4346 vitamque
1079 4265 1249 4344 serenam!
