<?xml version="1.0" encoding="UTF-8"?>
<!DOCTYPE html PUBLIC "-//W3C//DTD XHTML 1.0 Transitional//EN"
    "http://www.w3.org/TR/xhtml1/DTD/xhtml1-transitional.dtd">
<html xmlns="http://www.w3.org/1999/xhtml" xml:lang="en" lang="en">
 <head>
  <title>
</title>
<meta http-equiv="Content-Type" content="text/html;charset=utf-8" />
  <meta name='ocr-system' content='tesseract 3.04.00' />
  <meta name='ocr-capabilities' content='ocr_page ocr_carea ocr_par ocr_line ocrx_word'/>
</head>
<body>
  <div class='ocr_page' id='page_1' title='image "./dererumnaturali07carugoog/dererumnaturali07carugoog_0074.png"; bbox 0 0 3038 4864; ppageno 0'>
   <div class='ocr_carea' id='block_1_1' title="bbox 236 341 991 406">
    <p class='ocr_par' dir='ltr' id='par_1_1' title="bbox 236 341 991 406">
     <span class='ocr_line' id='line_1_1' title="bbox 236 341 991 406; baseline -0.007 0"><span class='ocrx_word' id='word_1_1' title='bbox 236 341 282 406; x_wconf 78' lang='lat' dir='ltr'>ot</span> <span class='ocrx_word' id='word_1_2' title='bbox 588 351 786 404; x_wconf 82' lang='grc' dir='ltr'><strong>ιιιιιιιιιι</strong></span> <span class='ocrx_word' id='word_1_3' title='bbox 812 349 991 404; x_wconf 73' lang='lat' dir='ltr'>sustensi</span> 
     </span>
    </p>
   </div>
   <div class='ocr_carea' id='block_1_2' title="bbox 240 497 1475 586">
    <p class='ocr_par' dir='ltr' id='par_1_2' title="bbox 240 497 1475 586">
     <span class='ocr_line' id='line_1_2' title="bbox 240 497 1475 586; baseline -0.002 -20"><span class='ocrx_word' id='word_1_4' title='bbox 240 517 377 586; x_wconf 86' lang='lat' dir='ltr'>quoque</span> <span class='ocrx_word' id='word_1_5' title='bbox 407 499 545 564; x_wconf 86' lang='lat' dir='ltr'>exhibet</span> <span class='ocrx_word' id='word_1_6' title='bbox 572 497 808 564; x_wconf 73' lang='lat' dir='ltr'>celeberrimus</span> <span class='ocrx_word' id='word_1_7' title='bbox 834 497 915 563; x_wconf 81' lang='lat' dir='ltr'>rou.</span> <span class='ocrx_word' id='word_1_8' title='bbox 945 497 1125 576; x_wconf 80' lang='lat' dir='ltr'>Breunius,</span> <span class='ocrx_word' id='word_1_9' title='bbox 1155 498 1215 562; x_wconf 87' lang='lat' dir='ltr'>lib.</span> <span class='ocrx_word' id='word_1_10' title='bbox 1238 514 1263 562; x_wconf 92' lang='grc' dir='ltr'>ι.</span> <span class='ocrx_word' id='word_1_11' title='bbox 1291 499 1340 564; x_wconf 81' lang='lat' dir='ltr'>do</span> <span class='ocrx_word' id='word_1_12' title='bbox 1469 575 1475 586; x_wconf 29' lang='lat'>⁵</span> 
     </span>
    </p>
   </div>
   <div class='ocr_carea' id='block_1_3' title="bbox 234 599 1343 4166">
    <p class='ocr_par' dir='ltr' id='par_1_3' title="bbox 234 599 1342 2939">
     <span class='ocr_line' id='line_1_3' title="bbox 239 599 1336 685; baseline -0.003 -17"><span class='ocrx_word' id='word_1_13' title='bbox 239 601 379 668; x_wconf 78' lang='lat' dir='ltr'>Vestitu</span> <span class='ocrx_word' id='word_1_14' title='bbox 400 601 607 666; x_wconf 81' lang='lat' dir='ltr'>secerdotum</span> <span class='ocrx_word' id='word_1_15' title='bbox 619 599 730 666; x_wconf 71' lang='lat' dir='ltr'>&#39;Hebe</span> <span class='ocrx_word' id='word_1_16' title='bbox 752 619 830 685; x_wconf 82' lang='lat' dir='ltr'>esp.</span> <span class='ocrx_word' id='word_1_17' title='bbox 846 600 898 664; x_wconf 88' lang='grc'>16.</span> <span class='ocrx_word' id='word_1_18' title='bbox 922 600 1072 684; x_wconf 70' lang='lat' dir='ltr'>eogitari</span> <span class='ocrx_word' id='word_1_19' title='bbox 1086 601 1189 665; x_wconf 78' lang='lat' dir='ltr'>etium</span> <span class='ocrx_word' id='word_1_20' title='bbox 1205 619 1270 665; x_wconf 90' lang='lat' dir='ltr'>non</span> <span class='ocrx_word' id='word_1_21' title='bbox 1284 602 1336 665; x_wconf 93' lang='lat' dir='ltr'>in-</span> 
     </span>
     <span class='ocr_line' id='line_1_4' title="bbox 239 701 1335 787; baseline -0.004 -15"><span class='ocrx_word' id='word_1_22' title='bbox 239 723 382 786; x_wconf 79' lang='lat' dir='ltr'>congruo</span> <span class='ocrx_word' id='word_1_23' title='bbox 419 709 543 787; x_wconf 88' lang='lat' dir='ltr'>posset,</span> <span class='ocrx_word' id='word_1_24' title='bbox 575 703 769 768; x_wconf 84' lang='lat' dir='ltr'>lucretium</span> <span class='ocrx_word' id='word_1_25' title='bbox 801 702 978 785; x_wconf 74' lang='lat' dir='ltr'>scripsisse</span> <span class='ocrx_word' id='word_1_26' title='bbox 1006 701 1209 780; x_wconf 83' lang='lat' dir='ltr'>‘Ponsilin,&#39;</span> <span class='ocrx_word' id='word_1_27' title='bbox 1228 707 1261 765; x_wconf 91' lang='lat' dir='ltr'>ot</span> <span class='ocrx_word' id='word_1_28' title='bbox 1288 703 1335 768; x_wconf 78' lang='lat' dir='ltr'>ite</span> 
     </span>
     <span class='ocr_line' id='line_1_5' title="bbox 234 803 1336 892; baseline -0.001 -22"><span class='ocrx_word' id='word_1_29' title='bbox 234 805 376 892; x_wconf 81' lang='lat' dir='ltr'>pondera</span> <span class='ocrx_word' id='word_1_30' title='bbox 398 807 457 870; x_wconf 84' lang='lat' dir='ltr'>illa</span> <span class='ocrx_word' id='word_1_31' title='bbox 478 825 520 871; x_wconf 82' lang='lat' dir='ltr'>cc</span> <span class='ocrx_word' id='word_1_32' title='bbox 543 803 633 878; x_wconf 64' lang='lat' dir='ltr'>lituos</span> <span class='ocrx_word' id='word_1_33' title='bbox 658 803 858 888; x_wconf 71' lang='lat' dir='ltr'>appellasse,</span> <span class='ocrx_word' id='word_1_34' title='bbox 880 803 923 867; x_wconf 85' lang='lat' dir='ltr'>dc</span> <span class='ocrx_word' id='word_1_35' title='bbox 946 804 1071 887; x_wconf 85' lang='lat' dir='ltr'>quibus</span> <span class='ocrx_word' id='word_1_36' title='bbox 1095 809 1130 869; x_wconf 88' lang='lat' dir='ltr'>ot</span> <span class='ocrx_word' id='word_1_37' title='bbox 1145 804 1283 884; x_wconf 73' lang='lat' dir='ltr'>Seneca,</span> <span class='ocrx_word' id='word_1_38' title='bbox 1299 811 1336 869; x_wconf 87' lang='lat' dir='ltr'>et</span> 
     </span>
     <span class='ocr_line' id='line_1_6' title="bbox 241 905 1334 990; baseline -0.003 -16"><span class='ocrx_word' id='word_1_39' title='bbox 241 908 379 985; x_wconf 87' lang='lat' dir='ltr'><strong>Pollux,</strong></span> <span class='ocrx_word' id='word_1_40' title='bbox 394 911 454 972; x_wconf 77' lang='lat' dir='ltr'>&amp;c</span> <span class='ocrx_word' id='word_1_41' title='bbox 477 907 562 972; x_wconf 88' lang='lat' dir='ltr'>locis</span> <span class='ocrx_word' id='word_1_42' title='bbox 587 907 710 972; x_wconf 82' lang='lat' dir='ltr'>cimus.</span> <span class='ocrx_word' id='word_1_43' title='bbox 754 905 824 972; x_wconf 83' lang='lat' dir='ltr'>Sed</span> <span class='ocrx_word' id='word_1_44' title='bbox 843 907 1121 990; x_wconf 79' lang='lat' dir='ltr'>conjecturarum,</span> <span class='ocrx_word' id='word_1_45' title='bbox 1144 913 1183 972; x_wconf 90' lang='lat' dir='ltr'>ut</span> <span class='ocrx_word' id='word_1_46' title='bbox 1204 907 1334 990; x_wconf 80' lang='lat' dir='ltr'>opinor,</span> 
     </span>
     <span class='ocr_line' id='line_1_7' title="bbox 241 1007 1333 1096; baseline -0.002 -20"><span class='ocrx_word' id='word_1_47' title='bbox 241 1011 326 1076; x_wconf 81' lang='lat' dir='ltr'>sotis</span> <span class='ocrx_word' id='word_1_48' title='bbox 351 1011 421 1095; x_wconf 84' lang='lat' dir='ltr'>jum</span> <span class='ocrx_word' id='word_1_49' title='bbox 450 1009 586 1076; x_wconf 85' lang='lat' dir='ltr'>dudum.</span> <span class='ocrx_word' id='word_1_50' title='bbox 640 1007 780 1088; x_wconf 80' lang='lat' dir='ltr'>Alienis,</span> <span class='ocrx_word' id='word_1_51' title='bbox 806 1015 846 1075; x_wconf 91' lang='lat' dir='ltr'>ut</span> <span class='ocrx_word' id='word_1_52' title='bbox 857 1011 944 1087; x_wconf 86' lang='lat' dir='ltr'>dixi,</span> <span class='ocrx_word' id='word_1_53' title='bbox 968 1009 1169 1096; x_wconf 70' lang='lat' dir='ltr'><strong>quandoque</strong></span> <span class='ocrx_word' id='word_1_54' title='bbox 1194 1009 1333 1074; x_wconf 85' lang='lat' dir='ltr'>sedibus</span> 
     </span>
     <span class='ocr_line' id='line_1_8' title="bbox 241 1111 1335 1196; baseline -0.001 -18"><span class='ocrx_word' id='word_1_55' title='bbox 241 1112 389 1178; x_wconf 83' lang='lat' dir='ltr'>Lucretii</span> <span class='ocrx_word' id='word_1_56' title='bbox 403 1111 668 1196; x_wconf 79' lang='lat' dir='ltr'>peculiaris-ists</span> <span class='ocrx_word' id='word_1_57' title='bbox 681 1118 794 1177; x_wconf 88' lang='lat' dir='ltr'>motus</span> <span class='ocrx_word' id='word_1_58' title='bbox 815 1113 977 1178; x_wconf 74' lang='lat' dir='ltr'>excitent.</span> <span class='ocrx_word' id='word_1_59' title='bbox 1023 1112 1089 1190; x_wconf 85' lang='lat' dir='ltr'>lto,</span> <span class='ocrx_word' id='word_1_60' title='bbox 1113 1131 1170 1177; x_wconf 85' lang='lat' dir='ltr'>ex.</span> <span class='ocrx_word' id='word_1_61' title='bbox 1185 1131 1232 1194; x_wconf 78' lang='lat' dir='ltr'>gr.</span> <span class='ocrx_word' id='word_1_62' title='bbox 1258 1131 1335 1196; x_wconf 79' lang='lat' dir='ltr'>por·</span> 
     </span>
     <span class='ocr_line' id='line_1_9' title="bbox 241 1211 1329 1299; baseline 0 -21"><span class='ocrx_word' id='word_1_63' title='bbox 241 1214 393 1297; x_wconf 85' lang='lat' dir='ltr'>tictpinm</span> <span class='ocrx_word' id='word_1_64' title='bbox 407 1219 417 1248; x_wconf 90' lang='lat'>‘</span> <span class='ocrx_word' id='word_1_65' title='bbox 430 1213 584 1295; x_wconf 78' lang='lat' dir='ltr'>inolens,&#39;</span> <span class='ocrx_word' id='word_1_66' title='bbox 603 1233 665 1299; x_wconf 87' lang='lat' dir='ltr'>pro</span> <span class='ocrx_word' id='word_1_67' title='bbox 689 1218 783 1278; x_wconf 91' lang='lat' dir='ltr'>‘non</span> <span class='ocrx_word' id='word_1_68' title='bbox 804 1211 1111 1293; x_wconf 59' lang='lat' dir='ltr'>opustestatus</span> <span class='ocrx_word' id='word_1_69' title='bbox 1136 1211 1329 1291; x_wconf 79' lang='lat' dir='ltr'>soliciturit,</span> 
     </span>
     <span class='ocr_line' id='line_1_10' title="bbox 241 1306 1335 1399; baseline -0.001 -19"><span class='ocrx_word' id='word_1_70' title='bbox 241 1321 279 1380; x_wconf 89' lang='lat' dir='ltr'>nt</span> <span class='ocrx_word' id='word_1_71' title='bbox 301 1317 336 1380; x_wconf 92' lang='lat' dir='ltr'>iu</span> <span class='ocrx_word' id='word_1_72' title='bbox 350 1306 570 1384; x_wconf 82' lang='lat' dir='ltr'>Collectimes</span> <span class='ocrx_word' id='word_1_73' title='bbox 590 1335 654 1382; x_wconf 84' lang='lat' dir='ltr'>sus</span> <span class='ocrx_word' id='word_1_74' title='bbox 678 1317 814 1382; x_wconf 86' lang='lat' dir='ltr'>verbum</span> <span class='ocrx_word' id='word_1_75' title='bbox 838 1315 924 1380; x_wconf 87' lang='lat' dir='ltr'>illud</span> <span class='ocrx_word' id='word_1_76' title='bbox 946 1315 1051 1394; x_wconf 83' lang='lat' dir='ltr'>nihili,</span> <span class='ocrx_word' id='word_1_77' title='bbox 1075 1314 1249 1392; x_wconf 87' lang='lat' dir='ltr'>‘inolors,&#39;</span> <span class='ocrx_word' id='word_1_78' title='bbox 1275 1333 1335 1399; x_wconf 89' lang='lat' dir='ltr'>pro</span> 
     </span>
     <span class='ocr_line' id='line_1_11' title="bbox 241 1419 1335 1501; baseline -0.003 -16"><span class='ocrx_word' id='word_1_79' title='bbox 241 1427 333 1486; x_wconf 89' lang='lat' dir='ltr'>‘non</span> <span class='ocrx_word' id='word_1_80' title='bbox 349 1419 459 1497; x_wconf 86' lang='lat' dir='ltr'>olere‚’</span> <span class='ocrx_word' id='word_1_81' title='bbox 475 1420 712 1497; x_wconf 58' lang='lat' dir='ltr'>retorrescunt</span> <span class='ocrx_word' id='word_1_82' title='bbox 734 1427 845 1483; x_wconf 81' lang='lat' dir='ltr'>tomen</span> <span class='ocrx_word' id='word_1_83' title='bbox 867 1436 935 1483; x_wconf 91' lang='lat' dir='ltr'>nou</span> <span class='ocrx_word' id='word_1_84' title='bbox 959 1419 1032 1482; x_wconf 63' lang='lat' dir='ltr'>nisi,</span> <span class='ocrx_word' id='word_1_85' title='bbox 1044 1419 1215 1501; x_wconf 73' lang='lat' dir='ltr'>antiquum</span> <span class='ocrx_word' id='word_1_86' title='bbox 1238 1435 1335 1482; x_wconf 87' lang='lat' dir='ltr'>suum</span> 
     </span>
     <span class='ocr_line' id='line_1_12' title="bbox 241 1521 1336 1606; baseline -0.006 -16"><span class='ocrx_word' id='word_1_87' title='bbox 241 1527 407 1592; x_wconf 86' lang='lat' dir='ltr'>obtineret</span> <span class='ocrx_word' id='word_1_88' title='bbox 422 1523 542 1600; x_wconf 83' lang='lat' dir='ltr'>Corus,</span> <span class='ocrx_word' id='word_1_89' title='bbox 555 1523 615 1606; x_wconf 85' lang='lat' dir='ltr'>qui</span> <span class='ocrx_word' id='word_1_90' title='bbox 634 1527 667 1588; x_wconf 90' lang='lat' dir='ltr'>et</span> <span class='ocrx_word' id='word_1_91' title='bbox 688 1524 738 1588; x_wconf 82' lang='lat' dir='ltr'>ita</span> <span class='ocrx_word' id='word_1_92' title='bbox 751 1527 762 1556; x_wconf 88' lang='lat'>‘</span> <span class='ocrx_word' id='word_1_93' title='bbox 776 1521 1013 1598; x_wconf 80' lang='lat' dir='ltr'>immerentes,&#39;</span> <span class='ocrx_word' id='word_1_94' title='bbox 1026 1539 1089 1605; x_wconf 87' lang='lat' dir='ltr'>pro</span> <span class='ocrx_word' id='word_1_95' title='bbox 1104 1524 1115 1554; x_wconf 92' lang='lat'>‘</span> <span class='ocrx_word' id='word_1_96' title='bbox 1129 1540 1196 1585; x_wconf 92' lang='lat' dir='ltr'>non</span> <span class='ocrx_word' id='word_1_97' title='bbox 1211 1539 1336 1584; x_wconf 89' lang='lat' dir='ltr'>meren·</span> 
     </span>
     <span class='ocr_line' id='line_1_13' title="bbox 244 1623 1339 1708; baseline -0.005 -14"><span class='ocrx_word' id='word_1_98' title='bbox 244 1627 317 1704; x_wconf 85' lang='lat' dir='ltr'>tes,&#39;</span> <span class='ocrx_word' id='word_1_99' title='bbox 340 1627 420 1692; x_wconf 80' lang='lat' dir='ltr'>olibi</span> <span class='ocrx_word' id='word_1_100' title='bbox 444 1623 544 1700; x_wconf 82' lang='lat' dir='ltr'>dixit,</span> <span class='ocrx_word' id='word_1_101' title='bbox 566 1624 646 1691; x_wconf 81' lang='lat' dir='ltr'>licet</span> <span class='ocrx_word' id='word_1_102' title='bbox 666 1643 838 1708; x_wconf 77' lang='lat' dir='ltr'>nunquam</span> <span class='ocrx_word' id='word_1_103' title='bbox 852 1625 906 1692; x_wconf 81' lang='lat' dir='ltr'>rel</span> <span class='ocrx_word' id='word_1_104' title='bbox 927 1623 1090 1690; x_wconf 74' lang='lat' dir='ltr'>tantillum</span> <span class='ocrx_word' id='word_1_105' title='bbox 1114 1624 1276 1706; x_wconf 78' lang='lat' dir='ltr'>cogitaret</span> <span class='ocrx_word' id='word_1_106' title='bbox 1296 1623 1339 1688; x_wconf 84' lang='lat' dir='ltr'>do</span> 
     </span>
     <span class='ocr_line' id='line_1_14' title="bbox 243 1723 1339 1813; baseline -0.004 -19"><span class='ocrx_word' id='word_1_107' title='bbox 243 1729 436 1813; x_wconf 80' lang='lat' dir='ltr'>usurpando</span> <span class='ocrx_word' id='word_1_108' title='bbox 467 1729 568 1794; x_wconf 85' lang='lat' dir='ltr'>verbo</span> <span class='ocrx_word' id='word_1_109' title='bbox 599 1729 724 1812; x_wconf 76' lang='lat' dir='ltr'>aliquo,</span> <span class='ocrx_word' id='word_1_110' title='bbox 751 1725 960 1806; x_wconf 72' lang='lat' dir='ltr'>‘immersti’</span> <span class='ocrx_word' id='word_1_111' title='bbox 989 1745 1050 1812; x_wconf 90' lang='lat' dir='ltr'>pro</span> <span class='ocrx_word' id='word_1_112' title='bbox 1079 1731 1173 1790; x_wconf 87' lang='lat' dir='ltr'>‘non</span> <span class='ocrx_word' id='word_1_113' title='bbox 1197 1723 1339 1792; x_wconf 72' lang='lat' dir='ltr'>mereri.⁸</span> 
     </span>
     <span class='ocr_line' id='line_1_15' title="bbox 245 1828 1337 1916; baseline -0.003 -20"><span class='ocrx_word' id='word_1_114' title='bbox 245 1830 375 1896; x_wconf 85' lang='lat' dir='ltr'>Omitto</span> <span class='ocrx_word' id='word_1_115' title='bbox 400 1831 461 1894; x_wconf 81' lang='lat' dir='ltr'>illu</span> <span class='ocrx_word' id='word_1_116' title='bbox 481 1830 573 1907; x_wconf 79' lang='lat' dir='ltr'>talis,</span> <span class='ocrx_word' id='word_1_117' title='bbox 588 1849 666 1916; x_wconf 78' lang='lat' dir='ltr'>qum</span> <span class='ocrx_word' id='word_1_118' title='bbox 681 1831 803 1915; x_wconf 78' lang='lat' dir='ltr'>purtim</span> <span class='ocrx_word' id='word_1_119' title='bbox 818 1831 1017 1909; x_wconf 76' lang='lat' dir='ltr'>Ioutbinus,</span> <span class='ocrx_word' id='word_1_120' title='bbox 1030 1831 1153 1915; x_wconf 76' lang='lat' dir='ltr'>purtim</span> <span class='ocrx_word' id='word_1_121' title='bbox 1169 1828 1337 1906; x_wconf 70' lang='lat' dir='ltr'>(litorius,</span> 
     </span>
     <span class='ocr_line' id='line_1_16' title="bbox 244 1931 1339 2019; baseline -0.004 -19"><span class='ocrx_word' id='word_1_122' title='bbox 244 1933 367 2019; x_wconf 81' lang='lat' dir='ltr'>partim</span> <span class='ocrx_word' id='word_1_123' title='bbox 381 1931 482 1998; x_wconf 81' lang='lat' dir='ltr'>etiam</span> <span class='ocrx_word' id='word_1_124' title='bbox 508 1933 608 1998; x_wconf 64' lang='lat' dir='ltr'>tetro</span> <span class='ocrx_word' id='word_1_125' title='bbox 619 1933 766 2000; x_wconf 80' lang='lat' dir='ltr'>Vossius</span> <span class='ocrx_word' id='word_1_126' title='bbox 780 1941 903 2013; x_wconf 84' lang='lat' dir='ltr'>noster,</span> <span class='ocrx_word' id='word_1_127' title='bbox 919 1935 1015 2015; x_wconf 82' lang='lat' dir='ltr'>ousi3</span> <span class='ocrx_word' id='word_1_128' title='bbox 1037 1934 1159 2000; x_wconf 86' lang='lat' dir='ltr'>voluti:</span> <span class='ocrx_word' id='word_1_129' title='bbox 1190 1937 1199 1968; x_wconf 88' lang='lat'>‘</span> <span class='ocrx_word' id='word_1_130' title='bbox 1216 1932 1339 2016; x_wconf 76' lang='lat' dir='ltr'>talipe-</span> 
     </span>
     <span class='ocr_line' id='line_1_17' title="bbox 247 2033 1341 2121; baseline -0.001 -20"><span class='ocrx_word' id='word_1_131' title='bbox 247 2034 348 2114; x_wconf 82' lang='lat' dir='ltr'>doro,&#39;</span> <span class='ocrx_word' id='word_1_132' title='bbox 364 2035 529 2100; x_wconf 70' lang='lat' dir='ltr'>‘serione</span> <span class='ocrx_word' id='word_1_133' title='bbox 543 2034 563 2115; x_wconf 89' lang='lat'>;’</span> <span class='ocrx_word' id='word_1_134' title='bbox 586 2041 769 2102; x_wconf 76' lang='lat' dir='ltr'>‘remorare</span> <span class='ocrx_word' id='word_1_135' title='bbox 781 2036 790 2062; x_wconf 85' lang='lat'>’</span> <span class='ocrx_word' id='word_1_136' title='bbox 802 2056 865 2121; x_wconf 89' lang='lat' dir='ltr'>pro</span> <span class='ocrx_word' id='word_1_137' title='bbox 881 2035 1080 2115; x_wconf 64' lang='lat' dir='ltr'>‘remorati’</span> <span class='ocrx_word' id='word_1_138' title='bbox 1094 2041 1105 2074; x_wconf 88' lang='lat'>‘</span> <span class='ocrx_word' id='word_1_139' title='bbox 1113 2033 1261 2100; x_wconf 78' lang='lat' dir='ltr'>imitore’</span> <span class='ocrx_word' id='word_1_140' title='bbox 1276 2051 1341 2119; x_wconf 88' lang='lat' dir='ltr'>pro</span> 
     </span>
     <span class='ocr_line' id='line_1_18' title="bbox 246 2134 1340 2222; baseline 0 -20"><span class='ocrx_word' id='word_1_141' title='bbox 246 2143 256 2173; x_wconf 92' lang='lat'>‘</span> <span class='ocrx_word' id='word_1_142' title='bbox 272 2134 416 2214; x_wconf 86' lang='lat' dir='ltr'>imitsri,¹</span> <span class='ocrx_word' id='word_1_143' title='bbox 430 2142 441 2175; x_wconf 86' lang='lat'>‘</span> <span class='ocrx_word' id='word_1_144' title='bbox 456 2137 600 2218; x_wconf 75' lang='lat' dir='ltr'>rogare&#39;</span> <span class='ocrx_word' id='word_1_145' title='bbox 623 2157 685 2220; x_wconf 88' lang='lat' dir='ltr'>pro</span> <span class='ocrx_word' id='word_1_146' title='bbox 708 2137 867 2221; x_wconf 58' lang='lat' dir='ltr'>‘regum’</span> <span class='ocrx_word' id='word_1_147' title='bbox 881 2141 892 2176; x_wconf 88' lang='lat'>‘</span> <span class='ocrx_word' id='word_1_148' title='bbox 904 2136 1100 2204; x_wconf 80' lang='lat' dir='ltr'>exhortnte’</span> <span class='ocrx_word' id='word_1_149' title='bbox 1122 2155 1182 2222; x_wconf 89' lang='lat' dir='ltr'>pro</span> <span class='ocrx_word' id='word_1_150' title='bbox 1197 2137 1340 2204; x_wconf 52' lang='lat' dir='ltr'>‘oxhor-</span> 
     </span>
     <span class='ocr_line' id='line_1_19' title="bbox 245 2239 1339 2324; baseline 0 -18"><span class='ocrx_word' id='word_1_151' title='bbox 245 2241 331 2319; x_wconf 66' lang='lat' dir='ltr'>teri:</span> <span class='ocrx_word' id='word_1_152' title='bbox 356 2239 524 2306; x_wconf 80' lang='lat' dir='ltr'>‘minore’</span> <span class='ocrx_word' id='word_1_153' title='bbox 548 2260 612 2324; x_wconf 90' lang='lat' dir='ltr'>pro</span> <span class='ocrx_word' id='word_1_154' title='bbox 637 2246 647 2275; x_wconf 84' lang='lat'><em>⁶</em></span> <span class='ocrx_word' id='word_1_155' title='bbox 663 2243 781 2309; x_wconf 81' lang='lat' dir='ltr'>minori</span> <span class='ocrx_word' id='word_1_156' title='bbox 792 2241 812 2322; x_wconf 81' lang='lat'>3’</span> <span class='ocrx_word' id='word_1_157' title='bbox 834 2245 903 2306; x_wconf 90' lang='lat' dir='ltr'>tum</span> <span class='ocrx_word' id='word_1_158' title='bbox 926 2247 962 2306; x_wconf 87' lang='lat' dir='ltr'>et</span> <span class='ocrx_word' id='word_1_159' title='bbox 976 2246 987 2276; x_wconf 91' lang='lat'>‘</span> <span class='ocrx_word' id='word_1_160' title='bbox 1002 2240 1176 2320; x_wconf 60' lang='lat' dir='ltr'>lamento:</span> <span class='ocrx_word' id='word_1_161' title='bbox 1194 2245 1209 2290; x_wconf 44' lang='grc' dir='ltr'>ι’</span> <span class='ocrx_word' id='word_1_162' title='bbox 1224 2261 1339 2307; x_wconf 80' lang='lat' dir='ltr'>cosso·</span> 
     </span>
     <span class='ocr_line' id='line_1_20' title="bbox 246 2341 1339 2420; baseline -0.002 -8"><span class='ocrx_word' id='word_1_163' title='bbox 246 2341 400 2419; x_wconf 81' lang='lat' dir='ltr'>meuto‚’‘</span> <span class='ocrx_word' id='word_1_164' title='bbox 415 2341 546 2420; x_wconf 89' lang='lat' dir='ltr'>enunc,&#39;</span> <span class='ocrx_word' id='word_1_165' title='bbox 560 2350 593 2408; x_wconf 89' lang='lat' dir='ltr'>et</span> <span class='ocrx_word' id='word_1_166' title='bbox 603 2343 737 2410; x_wconf 69' lang='lat' dir='ltr'>similis</span> <span class='ocrx_word' id='word_1_167' title='bbox 782 2345 874 2410; x_wconf 86' lang='lat' dir='ltr'>lllud</span> <span class='ocrx_word' id='word_1_168' title='bbox 889 2362 922 2408; x_wconf 89' lang='grc' dir='ltr'>ι.</span> <span class='ocrx_word' id='word_1_169' title='bbox 936 2345 1014 2410; x_wconf 77' lang='grc'>915.</span> <span class='ocrx_word' id='word_1_170' title='bbox 1036 2347 1047 2378; x_wconf 91' lang='lat'>‘</span> <span class='ocrx_word' id='word_1_171' title='bbox 1062 2343 1237 2410; x_wconf 78' lang='lat' dir='ltr'>Clericitst</span> <span class='ocrx_word' id='word_1_172' title='bbox 1248 2345 1315 2410; x_wconf 80' lang='lat' dir='ltr'>loto</span> <span class='ocrx_word' id='word_1_173' title='bbox 1324 2344 1339 2398; x_wconf 85' lang='lat'>-&#39;</span> 
     </span>
     <span class='ocr_line' id='line_1_21' title="bbox 247 2445 1338 2530; baseline -0.001 -18"><span class='ocrx_word' id='word_1_174' title='bbox 247 2447 408 2512; x_wconf 62' lang='lat' dir='ltr'>lumbino</span> <span class='ocrx_word' id='word_1_175' title='bbox 422 2451 456 2510; x_wconf 83' lang='lat' dir='ltr'>ot</span> <span class='ocrx_word' id='word_1_176' title='bbox 465 2445 614 2512; x_wconf 87' lang='lat' dir='ltr'>Simeoui</span> <span class='ocrx_word' id='word_1_177' title='bbox 629 2445 734 2512; x_wconf 83' lang='lat' dir='ltr'>Bosio</span> <span class='ocrx_word' id='word_1_178' title='bbox 749 2447 866 2512; x_wconf 84' lang='lat' dir='ltr'>lubens</span> <span class='ocrx_word' id='word_1_179' title='bbox 882 2447 1065 2530; x_wconf 81' lang='lat' dir='ltr'>meritoque</span> <span class='ocrx_word' id='word_1_180' title='bbox 1091 2445 1252 2526; x_wconf 75' lang='lat' dir='ltr'>mucoso,</span> <span class='ocrx_word' id='word_1_181' title='bbox 1267 2455 1338 2512; x_wconf 79' lang='lat' dir='ltr'>tom</span> 
     </span>
     <span class='ocr_line' id='line_1_22' title="bbox 246 2546 1339 2633; baseline -0.002 -17"><span class='ocrx_word' id='word_1_182' title='bbox 246 2549 332 2616; x_wconf 84' lang='lat' dir='ltr'>olore</span> <span class='ocrx_word' id='word_1_183' title='bbox 353 2547 474 2614; x_wconf 83' lang='lat' dir='ltr'>vetoris</span> <span class='ocrx_word' id='word_1_184' title='bbox 495 2551 666 2633; x_wconf 73' lang='lat' dir='ltr'>scripturn</span> <span class='ocrx_word' id='word_1_185' title='bbox 690 2549 840 2633; x_wconf 73' lang='lat' dir='ltr'>vestigiis</span> <span class='ocrx_word' id='word_1_186' title='bbox 865 2549 1074 2633; x_wconf 81' lang='lat' dir='ltr'>exprimitur.</span> <span class='ocrx_word' id='word_1_187' title='bbox 1107 2546 1174 2615; x_wconf 80' lang='lat' dir='ltr'>&#39;Ad</span> <span class='ocrx_word' id='word_1_188' title='bbox 1199 2547 1339 2614; x_wconf 79' lang='lat' dir='ltr'>formam</span> 
     </span>
     <span class='ocr_line' id='line_1_23' title="bbox 246 2648 1341 2728; baseline -0.001 -10"><span class='ocrx_word' id='word_1_189' title='bbox 246 2661 359 2718; x_wconf 82' lang='lat' dir='ltr'>sutem</span> <span class='ocrx_word' id='word_1_190' title='bbox 380 2651 473 2717; x_wconf 81' lang='lat' dir='ltr'>verbi</span> <span class='ocrx_word' id='word_1_191' title='bbox 494 2650 689 2717; x_wconf 82' lang='lat' dir='ltr'>Lucretisni</span> <span class='ocrx_word' id='word_1_192' title='bbox 710 2648 970 2728; x_wconf 62' lang='lat' dir='ltr'>‘tenemento’</span> <span class='ocrx_word' id='word_1_193' title='bbox 998 2652 1102 2718; x_wconf 81' lang='lat' dir='ltr'>etism</span> <span class='ocrx_word' id='word_1_194' title='bbox 1124 2651 1158 2714; x_wconf 74' lang='lat' dir='ltr'>sl</span> <span class='ocrx_word' id='word_1_195' title='bbox 1179 2655 1341 2717; x_wconf 77' lang='lat' dir='ltr'>‘cumos-</span> 
     </span>
     <span class='ocr_line' id='line_1_24' title="bbox 246 2752 1342 2830; baseline -0.004 -8"><span class='ocrx_word' id='word_1_196' title='bbox 246 2753 338 2822; x_wconf 81' lang='lat' dir='ltr'>cere&#39;</span> <span class='ocrx_word' id='word_1_197' title='bbox 377 2769 433 2818; x_wconf 90' lang='grc' dir='ltr'><strong>ιιι.</strong></span> <span class='ocrx_word' id='word_1_198' title='bbox 455 2753 530 2820; x_wconf 77' lang='grc'>481.</span> <span class='ocrx_word' id='word_1_199' title='bbox 559 2759 592 2820; x_wconf 82' lang='lat' dir='ltr'>te</span> <span class='ocrx_word' id='word_1_200' title='bbox 623 2754 771 2830; x_wconf 85' lang='lat' dir='ltr'>volente,</span> <span class='ocrx_word' id='word_1_201' title='bbox 796 2758 831 2817; x_wconf 86' lang='lat' dir='ltr'>et</span> <span class='ocrx_word' id='word_1_202' title='bbox 859 2752 1000 2830; x_wconf 76' lang='lat' dir='ltr'>admitti,</span> <span class='ocrx_word' id='word_1_203' title='bbox 1023 2761 1059 2818; x_wconf 90' lang='lat' dir='ltr'>et</span> <span class='ocrx_word' id='word_1_204' title='bbox 1088 2754 1122 2818; x_wconf 89' lang='lat' dir='ltr'>iu</span> <span class='ocrx_word' id='word_1_205' title='bbox 1147 2758 1342 2818; x_wconf 84' lang='lat' dir='ltr'>contextum</span> 
     </span>
     <span class='ocr_line' id='line_1_25' title="bbox 247 2853 849 2939; baseline -0.003 -19"><span class='ocrx_word' id='word_1_206' title='bbox 247 2855 363 2937; x_wconf 83' lang='lat' dir='ltr'>recipi,</span> <span class='ocrx_word' id='word_1_207' title='bbox 384 2871 447 2920; x_wconf 88' lang='lat' dir='ltr'>oon</span> <span class='ocrx_word' id='word_1_208' title='bbox 462 2853 533 2920; x_wconf 87' lang='lat' dir='ltr'>sine</span> <span class='ocrx_word' id='word_1_209' title='bbox 548 2855 725 2939; x_wconf 75' lang='lat' dir='ltr'>voluptate</span> <span class='ocrx_word' id='word_1_210' title='bbox 738 2855 849 2922; x_wconf 83' lang='lat' dir='ltr'>rideo.</span> 
     </span>
    </p>

    <p class='ocr_par' dir='ltr' id='par_1_4' title="bbox 247 2955 1343 4166">
     <span class='ocr_line' id='line_1_26' title="bbox 290 2955 1340 3041; baseline 0.002 -19"><span class='ocrx_word' id='word_1_211' title='bbox 290 2955 398 3022; x_wconf 80' lang='lat' dir='ltr'><strong>XVI·</strong></span> <span class='ocrx_word' id='word_1_212' title='bbox 429 2955 546 3022; x_wconf 79' lang='lat' dir='ltr'>Habet</span> <span class='ocrx_word' id='word_1_213' title='bbox 575 2964 610 3020; x_wconf 90' lang='lat' dir='ltr'>et</span> <span class='ocrx_word' id='word_1_214' title='bbox 639 2957 825 3040; x_wconf 75' lang='lat' dir='ltr'>elegantius</span> <span class='ocrx_word' id='word_1_215' title='bbox 847 2957 1013 3041; x_wconf 74' lang='lat' dir='ltr'>quosdam</span> <span class='ocrx_word' id='word_1_216' title='bbox 1042 2975 1126 3023; x_wconf 84' lang='lat' dir='ltr'>suos</span> <span class='ocrx_word' id='word_1_217' title='bbox 1153 2957 1340 3035; x_wconf 81' lang='lat' dir='ltr'>Lucretius,</span> 
     </span>
     <span class='ocr_line' id='line_1_27' title="bbox 251 3056 1339 3142; baseline 0 -20"><span class='ocrx_word' id='word_1_218' title='bbox 251 3056 475 3142; x_wconf 78' lang='lat' dir='ltr'>quibusdum</span> <span class='ocrx_word' id='word_1_219' title='bbox 497 3057 619 3142; x_wconf 83' lang='lat' dir='ltr'>perfrui</span> <span class='ocrx_word' id='word_1_220' title='bbox 642 3059 748 3142; x_wconf 86' lang='lat' dir='ltr'>cupit,</span> <span class='ocrx_word' id='word_1_221' title='bbox 763 3059 890 3142; x_wconf 75' lang='lat' dir='ltr'>saepius</span> <span class='ocrx_word' id='word_1_222' title='bbox 905 3077 926 3123; x_wconf 80' lang='lat' dir='ltr'><strong>a</strong></span> <span class='ocrx_word' id='word_1_223' title='bbox 939 3057 1060 3128; x_wconf 85' lang='lat' dir='ltr'>sciolis</span> <span class='ocrx_word' id='word_1_224' title='bbox 1083 3059 1231 3142; x_wconf 75' lang='lat' dir='ltr'>reputat.</span> <span class='ocrx_word' id='word_1_225' title='bbox 1276 3057 1339 3126; x_wconf 71' lang='lat' dir='ltr'>Ex.</span> 
     </span>
     <span class='ocr_line' id='line_1_28' title="bbox 249 3127 1339 3245; baseline -0.002 -17"><span class='ocrx_word' id='word_1_226' title='bbox 249 3181 295 3245; x_wconf 76' lang='lat' dir='ltr'>gr.</span> <span class='ocrx_word' id='word_1_227' title='bbox 308 3161 543 3229; x_wconf 77' lang='lat' dir='ltr'>Terentianum</span> <span class='ocrx_word' id='word_1_228' title='bbox 556 3127 708 3244; x_wconf 49' lang='lat' dir='ltr'>inprimis</span> <span class='ocrx_word' id='word_1_229' title='bbox 723 3160 870 3243; x_wconf 76' lang='lat' dir='ltr'>phrasim</span> <span class='ocrx_word' id='word_1_230' title='bbox 891 3178 968 3224; x_wconf 87' lang='lat' dir='ltr'>cum</span> <span class='ocrx_word' id='word_1_231' title='bbox 988 3161 1024 3224; x_wconf 88' lang='lat' dir='ltr'>iu</span> <span class='ocrx_word' id='word_1_232' title='bbox 1045 3159 1177 3225; x_wconf 85' lang='lat' dir='ltr'>deliciis</span> <span class='ocrx_word' id='word_1_233' title='bbox 1198 3159 1339 3237; x_wconf 60' lang='lat' dir='ltr'>habeon</span> 
     </span>
     <span class='ocr_line' id='line_1_29' title="bbox 249 3261 1339 3346; baseline -0.002 -18"><span class='ocrx_word' id='word_1_234' title='bbox 249 3263 338 3328; x_wconf 86' lang='lat' dir='ltr'>unde</span> <span class='ocrx_word' id='word_1_235' title='bbox 360 3269 395 3328; x_wconf 95' lang='lat' dir='ltr'>et</span> <span class='ocrx_word' id='word_1_236' title='bbox 416 3281 456 3328; x_wconf 93' lang='grc' dir='ltr'>ιι.</span> <span class='ocrx_word' id='word_1_237' title='bbox 477 3263 576 3328; x_wconf 87' lang='grc'>1100.</span> <span class='ocrx_word' id='word_1_238' title='bbox 596 3262 769 3346; x_wconf 82' lang='lat' dir='ltr'>‘emtique</span> <span class='ocrx_word' id='word_1_239' title='bbox 791 3282 910 3329; x_wconf 80' lang='lat' dir='ltr'>screno</span> <span class='ocrx_word' id='word_1_240' title='bbox 930 3261 1110 3328; x_wconf 76' lang='lat' dir='ltr'>Concutiat</span> <span class='ocrx_word' id='word_1_241' title='bbox 1123 3262 1262 3344; x_wconf 54' lang='lat' dir='ltr'>sonitus</span> <span class='ocrx_word' id='word_1_242' title='bbox 1286 3279 1339 3326; x_wconf 88' lang='grc' dir='ltr'><strong>ιιι.</strong></span> 
     </span>
     <span class='ocr_line' id='line_1_30' title="bbox 248 3364 1341 3450; baseline -0.001 -19"><span class='ocrx_word' id='word_1_243' title='bbox 248 3367 326 3432; x_wconf 82' lang='grc'>974.</span> <span class='ocrx_word' id='word_1_244' title='bbox 360 3366 491 3432; x_wconf 79' lang='lat' dir='ltr'>‘aliene</span> <span class='ocrx_word' id='word_1_245' title='bbox 517 3364 723 3444; x_wconf 54' lang='lat' dir='ltr'>mouentes</span> <span class='ocrx_word' id='word_1_246' title='bbox 756 3381 806 3432; x_wconf 87' lang='grc' dir='ltr'>ιι.</span> <span class='ocrx_word' id='word_1_247' title='bbox 836 3367 934 3432; x_wconf 77' lang='grc'>1135.</span> <span class='ocrx_word' id='word_1_248' title='bbox 993 3365 1134 3450; x_wconf 78' lang='lat' dir='ltr'>‘Atque</span> <span class='ocrx_word' id='word_1_249' title='bbox 1162 3367 1198 3431; x_wconf 90' lang='lat' dir='ltr'>tu</span> <span class='ocrx_word' id='word_1_250' title='bbox 1227 3381 1341 3432; x_wconf 81' lang='lat' dir='ltr'>umore</span> 
     </span>
     <span class='ocr_line' id='line_1_31' title="bbox 248 3465 1339 3550; baseline -0.002 -16"><span class='ocrx_word' id='word_1_251' title='bbox 248 3467 337 3534; x_wconf 81' lang='lat' dir='ltr'>mols</span> <span class='ocrx_word' id='word_1_252' title='bbox 363 3466 437 3532; x_wconf 78' lang='lat' dir='ltr'>hoec</span> <span class='ocrx_word' id='word_1_253' title='bbox 467 3465 629 3550; x_wconf 87' lang='lat' dir='ltr'>proprio,&#39;</span> <span class='ocrx_word' id='word_1_254' title='bbox 655 3470 717 3532; x_wconf 77' lang='lat' dir='ltr'>tro.</span> <span class='ocrx_word' id='word_1_255' title='bbox 747 3488 777 3532; x_wconf 84' lang='lat' dir='ltr'>r.</span> <span class='ocrx_word' id='word_1_256' title='bbox 806 3467 883 3534; x_wconf 75' lang='lat' dir='ltr'>coo.</span> <span class='ocrx_word' id='word_1_257' title='bbox 942 3467 1156 3548; x_wconf 75' lang='lat' dir='ltr'>‘Cessent3&#39;</span> <span class='ocrx_word' id='word_1_258' title='bbox 1182 3475 1217 3534; x_wconf 83' lang='lat' dir='ltr'>ot</span> <span class='ocrx_word' id='word_1_259' title='bbox 1246 3467 1339 3534; x_wconf 84' lang='grc'>1156.</span> 
     </span>
     <span class='ocr_line' id='line_1_32' title="bbox 247 3568 1343 3654; baseline -0.001 -19"><span class='ocrx_word' id='word_1_260' title='bbox 247 3570 438 3654; x_wconf 85' lang='lat' dir='ltr'>‘Perpetuo</span> <span class='ocrx_word' id='word_1_261' title='bbox 459 3575 571 3634; x_wconf 78' lang='lat' dir='ltr'>temen</span> <span class='ocrx_word' id='word_1_262' title='bbox 585 3569 621 3635; x_wconf 86' lang='lat' dir='ltr'>id</span> <span class='ocrx_word' id='word_1_263' title='bbox 637 3569 706 3636; x_wconf 80' lang='lat' dir='ltr'>sore</span> <span class='ocrx_word' id='word_1_264' title='bbox 721 3572 809 3637; x_wconf 82' lang='lat' dir='ltr'>clem</span> <span class='ocrx_word' id='word_1_265' title='bbox 832 3569 982 3636; x_wconf 83' lang='lat' dir='ltr'>diffidere</span> <span class='ocrx_word' id='word_1_266' title='bbox 1004 3568 1127 3649; x_wconf 83' lang='lat' dir='ltr'>debot,&#39;</span> <span class='ocrx_word' id='word_1_267' title='bbox 1150 3577 1185 3637; x_wconf 88' lang='lat' dir='ltr'>et</span> <span class='ocrx_word' id='word_1_268' title='bbox 1199 3571 1343 3636; x_wconf 83' lang='lat' dir='ltr'>similia:</span> 
     </span>
     <span class='ocr_line' id='line_1_33' title="bbox 247 3671 1342 3758; baseline 0 -20"><span class='ocrx_word' id='word_1_269' title='bbox 247 3692 315 3740; x_wconf 85' lang='lat' dir='ltr'>non</span> <span class='ocrx_word' id='word_1_270' title='bbox 340 3671 465 3756; x_wconf 85' lang='lat' dir='ltr'>ubique</span> <span class='ocrx_word' id='word_1_271' title='bbox 489 3677 599 3738; x_wconf 82' lang='lat' dir='ltr'>tomen</span> <span class='ocrx_word' id='word_1_272' title='bbox 623 3693 683 3758; x_wconf 86' lang='lat' dir='ltr'>por</span> <span class='ocrx_word' id='word_1_273' title='bbox 708 3675 852 3740; x_wconf 86' lang='lat' dir='ltr'>istosin</span> <span class='ocrx_word' id='word_1_274' title='bbox 876 3675 970 3738; x_wconf 84' lang='lat' dir='ltr'>hisce</span> <span class='ocrx_word' id='word_1_275' title='bbox 996 3673 1064 3758; x_wconf 88' lang='lat' dir='ltr'>ipsi</span> <span class='ocrx_word' id='word_1_276' title='bbox 1085 3673 1224 3738; x_wconf 81' lang='lat' dir='ltr'>licuisse</span> <span class='ocrx_word' id='word_1_277' title='bbox 1246 3673 1342 3756; x_wconf 73' lang='lat' dir='ltr'>penio</span> 
     </span>
     <span class='ocr_line' id='line_1_34' title="bbox 249 3771 1343 3862; baseline -0.001 -20"><span class='ocrx_word' id='word_1_278' title='bbox 249 3792 321 3842; x_wconf 85' lang='lat' dir='ltr'>suo.</span> <span class='ocrx_word' id='word_1_279' title='bbox 335 3771 514 3856; x_wconf 76' lang='lat' dir='ltr'>indulgere,</span> <span class='ocrx_word' id='word_1_280' title='bbox 535 3776 632 3840; x_wconf 89' lang='lat' dir='ltr'>testis</span> <span class='ocrx_word' id='word_1_281' title='bbox 661 3776 742 3842; x_wconf 83' lang='lat' dir='ltr'>milri</span> <span class='ocrx_word' id='word_1_282' title='bbox 765 3782 818 3841; x_wconf 89' lang='lat' dir='ltr'>est</span> <span class='ocrx_word' id='word_1_283' title='bbox 838 3777 935 3842; x_wconf 86' lang='lat' dir='ltr'>locus</span> <span class='ocrx_word' id='word_1_284' title='bbox 956 3792 996 3842; x_wconf 88' lang='grc' dir='ltr'>ιι.</span> <span class='ocrx_word' id='word_1_285' title='bbox 1026 3775 1123 3841; x_wconf 72' lang='grc'>1024.</span> <span class='ocrx_word' id='word_1_286' title='bbox 1141 3777 1215 3862; x_wconf 83' lang='lat' dir='ltr'>jum</span> <span class='ocrx_word' id='word_1_287' title='bbox 1235 3775 1343 3841; x_wconf 79' lang='lat' dir='ltr'>obiter</span> 
     </span>
     <span class='ocr_line' id='line_1_35' title="bbox 248 3875 1343 3962; baseline 0.001 -21"><span class='ocrx_word' id='word_1_288' title='bbox 248 3895 363 3960; x_wconf 79' lang='lat' dir='ltr'>supro,</span> <span class='ocrx_word' id='word_1_289' title='bbox 378 3875 422 3942; x_wconf 80' lang='lat' dir='ltr'>ed</span> <span class='ocrx_word' id='word_1_290' title='bbox 446 3877 520 3962; x_wconf 83' lang='lat' dir='ltr'>§x.</span> <span class='ocrx_word' id='word_1_291' title='bbox 535 3881 689 3944; x_wconf 78' lang='lat' dir='ltr'>notatus:</span> <span class='ocrx_word' id='word_1_292' title='bbox 712 3877 832 3944; x_wconf 83' lang='lat' dir='ltr'>‘Nom</span> <span class='ocrx_word' id='word_1_293' title='bbox 854 3878 915 3942; x_wconf 88' lang='lat' dir='ltr'>tibi</span> <span class='ocrx_word' id='word_1_294' title='bbox 939 3877 1148 3945; x_wconf 83' lang='lat' dir='ltr'>vehomenter</span> <span class='ocrx_word' id='word_1_295' title='bbox 1171 3897 1265 3946; x_wconf 80' lang='lat' dir='ltr'>noro</span> <span class='ocrx_word' id='word_1_296' title='bbox 1287 3895 1343 3942; x_wconf 83' lang='lat' dir='ltr'>ros</span> 
     </span>
     <span class='ocr_line' id='line_1_36' title="bbox 247 3977 1343 4064; baseline 0.005 -24"><span class='ocrx_word' id='word_1_297' title='bbox 247 3977 384 4043; x_wconf 88' lang='lat' dir='ltr'>molitur</span> <span class='ocrx_word' id='word_1_298' title='bbox 412 3977 458 4044; x_wconf 82' lang='lat' dir='ltr'>sd</span> <span class='ocrx_word' id='word_1_299' title='bbox 486 3979 595 4044; x_wconf 79' lang='lat' dir='ltr'>eureis</span> <span class='ocrx_word' id='word_1_300' title='bbox 623 3977 801 4057; x_wconf 76' lang='lat' dir='ltr'>Acced&#39;ro,</span> <span class='ocrx_word' id='word_1_301' title='bbox 826 3985 862 4044; x_wconf 89' lang='lat' dir='ltr'>st</span> <span class='ocrx_word' id='word_1_302' title='bbox 889 3997 978 4044; x_wconf 82' lang='lat' dir='ltr'>novo</span> <span class='ocrx_word' id='word_1_303' title='bbox 1007 3999 1046 4045; x_wconf 86' lang='lat' dir='ltr'>se</span> <span class='ocrx_word' id='word_1_304' title='bbox 1067 3979 1203 4064; x_wconf 87' lang='lat' dir='ltr'>species</span> <span class='ocrx_word' id='word_1_305' title='bbox 1233 3985 1343 4045; x_wconf 79' lang='lat' dir='ltr'>ostsu-</span> 
     </span>
     <span class='ocr_line' id='line_1_37' title="bbox 249 4078 1343 4166; baseline -0.001 -20"><span class='ocrx_word' id='word_1_306' title='bbox 249 4078 325 4146; x_wconf 78' lang='lat' dir='ltr'>dero</span> <span class='ocrx_word' id='word_1_307' title='bbox 352 4080 481 4148; x_wconf 62' lang='lat' dir='ltr'>rorum!</span> <span class='ocrx_word' id='word_1_308' title='bbox 526 4081 595 4160; x_wconf 80' lang='lat' dir='ltr'>Qut</span> <span class='ocrx_word' id='word_1_309' title='bbox 621 4101 721 4166; x_wconf 74' lang='lat' dir='ltr'>quern</span> <span class='ocrx_word' id='word_1_310' title='bbox 749 4081 1001 4163; x_wconf 79' lang='lat' dir='ltr'>elegentissime</span> <span class='ocrx_word' id='word_1_311' title='bbox 1024 4081 1108 4148; x_wconf 85' lang='lat' dir='ltr'>illud</span> <span class='ocrx_word' id='word_1_312' title='bbox 1123 4081 1255 4148; x_wconf 75' lang='lat' dir='ltr'>Comici</span> <span class='ocrx_word' id='word_1_313' title='bbox 1282 4097 1343 4146; x_wconf 80' lang='lat' dir='ltr'>ox·</span> 
     </span>
    </p>
   </div>
   <div class='ocr_carea' id='block_1_4' title="bbox 0 0 1534 4864">
    <p class='ocr_par' dir='ltr' id='par_1_5' title="bbox 0 0 1534 4864">
     <span class='ocr_line' id='line_1_38' title="bbox 0 0 1534 4864; baseline 0 0"><span class='ocrx_word' id='word_1_314' title='bbox 0 0 1534 4864; x_wconf 95' lang='lat' dir='ltr'> </span> 
     </span>
    </p>
   </div>
  </div>
 </body>
</html>
