3016 4882
414 353 462 400 nn
486 349 617 400 unauna
642 348 800 398 urruns
826 349 897 396 nra.
922 348 971 396 ιν.
1177 330 1244 398 iffi

148 492 304 578 Undique
319 513 423 578 quom
437 497 605 574 constent3
628 499 666 557 et
678 491 820 558 reddere
836 491 931 558 diota
943 495 1103 556 moesias.

191 595 321 662 Caetera
335 596 376 661 de
390 615 509 678 genere
523 596 587 660 hoo
599 594 750 662 mirande
764 594 869 658 multa
883 591 1048 692 videmus,

148 696 238 777 Qum
257 699 386 763 violare
400 696 500 763 fidem
516 698 614 781 quasi
629 697 785 763 sensibus
800 695 916 760 ornain
929 699 1099 780 quaerunt:
1175 693 1243 758 teo

149 797 390 883 Nequidquam
400 819 409 880 ;
432 801 591 883 quoniam
606 817 685 883 pars
700 797 816 864 horam
828 797 981 862 maxima
991 795 1080 860 fallit

147 897 289 984 Propter
303 900 462 984 opinatus
476 900 589 979 animi,
606 919 692 985 quos
704 897 860 964 addimus
874 897 975 983 ipsei,

149 999 217 1064 Pro
233 1001 315 1066 visis
330 1006 365 1066 ui
379 1001 460 1080 siut,
477 1021 555 1084 qum
570 1019 636 1066 uon
651 1005 731 1065 sunt
745 1000 904 1064 sensibus
919 999 1005 1063 vise.

149 1099 240 1166 Num
254 1101 338 1166 nihil
351 1102 475 1184 aegrius
490 1106 555 1182 est,
571 1119 673 1184 quam
684 1119 737 1166 res
752 1119 926 1166 secernere
942 1104 1079 1182 apertas

148 1268 196 1319 siat
207 1283 238 1318 ex
248 1269 310 1318 assai
319 1273 403 1331 parler
418 1274 442 1318 el
450 1268 540 1329 selme
549 1269 629 1332 arrh,
640 1282 693 1319 esau
706 1267 872 1318 conflamus.
906 1269 1031 1317 Cresima
1045 1265 1161 1329 plsritass
1170 1279 1207 1314 res
1217 1266 1247 1316 ds

148 1333 191 1382 dac
199 1346 286 1394 gesna
295 1332 440 1394 admirabili,
449 1348 501 1396 qsoe
511 1335 584 1383 adali
593 1337 685 1383 lestasl
699 1332 921 1396 labessdarsstdem
931 1331 1045 1382 ansilam.
1076 1329 1249 1387 Sedsrsslm

148 1396 263 1460 desideat
271 1399 525 1460 pmsmsiasrersta
534 1399 634 1448 istm
644 1395 733 1460 deripit
747 1395 776 1444 ol
786 1396 931 1460 opinationes
942 1395 1027 1446 merlis
1038 1393 1122 1456 unius,
1132 1407 1191 1456 psus
1201 1391 1249 1456 ipsi

149 1462 242 1522 darum
252 1463 290 1510 its
300 1460 335 1526 fil
353 1465 380 1509 si
398 1477 436 1522 ea,
452 1477 504 1525 qsoe
513 1477 560 1512 aas
571 1467 626 1510 sssl
636 1465 759 1523 marpesia
775 1459 888 1521 arsum,
903 1473 946 1522 pra
965 1459 1094 1521 compellis
1112 1457 1250 1507 Mdrmlsr.

151 1525 224 1574 llislt
232 1525 502 1588 minmlasls'sua,
511 1526 731 1589 emersum
741 1537 779 1573 res
789 1525 867 1574 claras
875 1521 1026 1586 adnullgss'a
1034 1522 1249 1586 relisuqsassssss

612 1631 794 1656 oeeunmn

151 1701 177 1754 ln
188 1701 265 1751 Voss.
273 1707 325 1753 rai.
333 1701 410 1750 sartis
418 1715 549 1766 superscr.
559 1703 645 1752 aslis
653 1702 722 1752 liius.
733 1701 765 1750 B.
778 1703 885 1750 u-sul
901 1699 1010 1749 sairasds
1021 1698 1098 1748 viad.
1109 1697 1185 1746 Voss.
1194 1701 1248 1746 ret.

151 1774 181 1816 et
189 1766 220 1815 L.
231 1766 264 1815 B.
277 1765 311 1816 0.
321 1766 391 1816 blus.
403 1765 434 1814 Β.
447 1770 468 1815 Ι.
478 1770 503 1816 ⁸.
522 1765 598 1816 Csat.
614 1765 721 1814 srlrasdo
736 1765 768 1814 Ρ.
785 1763 848 1814 Ald.
866 1762 899 1813 Bl
920 1798 927 1812 .
944 1764 1053 1812 numen
1068 1764 1101 1810 V.
1116 1761 1160 1811 etl.
1171 1759 1250 1810 Bodl.

152 1831 222 1880 raas.
233 1830 264 1880 Β.
273 1833 298 1879 2.
308 1829 435 1880 return.
447 1830 578 1880 lla-ltili
594 1830 652 1894 quia
663 1843 710 1894 pro
721 1829 829 1891 passm
839 1829 872 1878 V.
917 1828 981 1878 flu.
995 1827 1042 1876 lis.
1053 1841 1120 1889 pseu
1131 1825 1204 1875 liora.
1213 1824 1251 1874 is·

229 1893 387 1944 bedu-sor
403 1895 592 1956 opimosvoas.
605 1901 657 1944 ret.
669 1893 755 1942 asiais
765 1893 836 1942 Mus.
847 1892 880 1941 Β.
890 1894 997 1941 2-168
1014 1890 1124 1940 Prouisis
1135 1889 1168 1940 0.
1180 1889 1251 1940 Mus.

178 1962 222 2010 ,9.
233 1963 257 2008 3.
269 1957 427 2008 esau-dell
441 1959 530 2020 egrius
539 1963 575 2008 ssl
585 1957 659 2008 Voss.
670 1964 723 2008 set.
734 1963 762 2007 el
774 1956 804 2008 L.
816 1957 848 2006 Β.
864 1957 940 2005 Voss.
952 1969 1035 2020 marg.
1045 1955 1141 2004 Tollius
1152 1953 1179 2003 ia
1191 1953 1254 2003 For·

648 2059 759 2113 801¹AE

183 2159 473 2222 lucernalem
491 2159 542 2222 lar,
560 2157 615 2224 lfa]
637 2157 683 2208 liis
724 2155 802 2209 Quod
825 2155 858 2207 sd
871 2155 999 2208 orestem
1020 2154 1123 2222 quidem
1142 2161 1255 2219 spectat,

153 2237 178 2285 l.
187 2248 239 2284 rsa.
248 2233 352 2284 tandem
361 2234 398 2283 sit
406 2234 486 2284 mults
492 2235 544 2284 slis
551 2248 608 2284 esse
617 2234 684 2297 ajus-
724 2249 783 2285 cnm
794 2234 832 2284 illi
843 2234 891 2284 sibi
903 2233 1039 2284 ridebatur
1050 2231 1145 2282 intueri
1157 2230 1257 2292 Furias,

154 2308 302 2374 modique
316 2306 458 2358 afferuntur
475 2307 600 2360 adversus
616 2309 683 2360 reri·
725 2325 815 2361 seusus
825 2309 930 2376 quidem
940 2309 998 2373 ipsa
1013 2321 1029 2358 s
1045 2307 1190 2358 simulacris
1200 2320 1253 2356 aso·

156 2389 271 2437 lstemet
281 2383 466 2434 certitudinem
477 2399 684 2450 sensuumque.
725 2393 767 2437 tas
783 2393 840 2436 erat
858 2399 951 2447 rerns;
966 2383 1102 2434 simulscrs
1113 2383 1181 2432 enim
1193 2395 1254 2432 vere

155 2467 240 2512 umen
251 2459 399 2510 nullatenus
416 2473 507 2510 seusus
523 2458 685 2511 labefactent
726 2464 858 2515 suberant.
891 2462 929 2513 At
940 2475 1001 2512 sero
1014 2474 1095 2524 mena,
1105 2458 1256 2510 existimsaa

155 2541 201 2586 ant
219 2535 329 2596 violenti
347 2549 416 2598 aum,
431 2535 529 2602 siquid
547 2536 643 2587 erroris
659 2535 686 2585 iu
727 2540 1017 2590 solidussseaeurerss
1025 2534 1256 2598 rnrln,oplnlaaa

155 2609 283 2676 ejusmodi
294 2611 421 2674 exemplis
431 2616 579 2673 sumtetur,
595 2611 622 2661 id
633 2625 686 2684 ons·
726 2613 884 2665 saliebatur-¹
916 2613 959 2662 sie
969 2611 1142 2662 Tertullianus
1159 2609 1204 2659 llb.
1223 2608 1256 2659 ds

156 2701 190 2739 ns
201 2701 253 2737 aon
269 2685 296 2736 la
308 2699 397 2736 seassu
410 2687 490 2752 ipsos,
508 2685 552 2737 sed
565 2687 592 2737 ia
603 2686 686 2752 lpssru
727 2689 821 2741 Anima
839 2703 899 2752 esp.
919 2690 959 2739 ll.
990 2684 1148 2752 ‘Epicurei.'
1164 2683 1258 2751 iuqub,

155 2762 251 2816 mealia
260 2762 408 2828 opinionem
422 2763 457 2812 sit
468 2761 688 2824 transferendam,
726 2765 908 2816 ‘coustantius
930 2777 1017 2828 parens
1038 2762 1155 2813 omuibus
1176 2769 1257 2827 atque

155 2837 200 2890 Sic
211 2838 336 2903 preclare
348 2838 440 2889 Cicero
451 2837 477 2887 in
488 2837 612 2888 lucullos
627 2837 687 2888 ‘'li·
727 2847 879 2907 perpetuans
888 2837 1031 2889 defendunt
1047 2837 1195 2899 ventarent,
1210 2835 1257 2886 sed

157 2927 273 2978 magona
297 2912 442 2976 Epicureas
460 2919 542 2978 negat
567 2911 616 2963 sibl
640 2925 687 2962 nn·
727 2917 779 2969 slis
794 2917 852 2979 sis;
870 2913 1005 2966 nonenim
1023 2927 1127 2964 sensum
1143 2911 1259 2975 mentiri,

157 3001 312 3056 qnsmmara
329 2988 417 3038 oculos
434 2987 563 3050 torsisset,
574 2987 638 3038 dass
654 3001 687 3037 ss
725 2991 772 3042 sed
797 2991 964 3056 opinionem
986 3003 1087 3040 sensum
1108 2988 1179 3038 enim
1204 2987 1259 3052 pati

157 3060 416 3115 lacerusflsmmuisa
432 3076 490 3113 essa
501 3061 585 3122 risss3
605 3062 687 3128 apini—
725 3081 777 3117 nan
798 3065 915 3131 opinari?
947 3065 991 3116 Sic
1008 3063 1133 3129 preclare
1148 3064 1174 3114 S.
1192 3063 1260 3114 (ire-

157 3142 212 3191 onis
224 3139 292 3189 enim
309 3147 352 3188 eat
369 3135 541 3199 mendacium,
558 3151 610 3187 noa
626 3153 687 3187 ocu·
729 3157 784 3207 gor.
804 3143 939 3206 Nymnus
954 3141 987 3192 de
1003 3141 1070 3190 Ριιῑι.
1088 3154 1126 3190 w.
1144 3143 1169 3189 s,
1187 3145 1258 3203 post.

156 3214 258 3266 lorum-¹
292 3211 410 3264 ibidem:
427 3213 484 3263 ‘Eo
503 3227 558 3263 rem
580 3213 690 3265 dimittit
730 3234 808 3285 qnam
819 3219 852 3268 de
863 3220 919 3269 visu
936 3219 1039 3268 locutus
1050 3215 1204 3266 memorarit
1215 3215 1260 3266 ills

159 3291 297 3355 suenrus,
315 3289 338 3337 ui
361 3301 426 3338 unu!
449 3303 538 3339 sensus
561 3289 641 3338 semel
663 3289 689 3339 ill
730 3295 764 3344 de
781 3309 852 3345 remo
863 3293 980 3344 relrsalo
991 3295 1017 3343 in
1028 3293 1101 3358 squis
1112 3292 1178 3354 viso,
1188 3299 1216 3342 et
1227 3291 1260 3341 de

160 3369 215 3417 sits
227 3366 404 3426 mentiturus,
420 3361 484 3415 uuili
505 3377 616 3429 unquam
633 3377 689 3414 ease
730 3369 796 3420 sarri
806 3369 941 3436 qudem,
952 3383 1009 3433 qam
1018 3375 1129 3432 apparet
1137 3365 1260 3428 rotunda,

159 3440 342 3496 erodendum*
369 3441 403 3491 Et
413 3441 457 3492 llb.
467 3455 487 3492 r.
498 3440 531 3492 de
543 3441 601 3490 Pia.
626 3441 690 3493 ‘Jtt-
730 3444 836 3496 subdit:
853 3445 967 3508 ‘Neque
983 3449 1023 3494 eal
1038 3443 1079 3493 bic
1097 3457 1171 3494 error
1184 3443 1262 3506 visua,

159 3518 229 3570 dieis
237 3531 322 3567 reruni
334 3517 361 3566 ia
371 3517 488 3568 sensibus
499 3518 690 3584 poaitssipicu·
729 3522 776 3573 aed
790 3521 894 3572 mentis.
929 3521 996 3572 Nam
1017 3520 1061 3570 lile
1080 3521 1154 3574 ridet
1171 3535 1203 3570 sa
1220 3534 1261 3571 rs·

160 3592 330 3659 raa],quibua
340 3593 361 3642 si
373 3593 454 3644 semel
464 3594 560 3660 aliquid
572 3592 630 3644 fslsl
642 3608 690 3659 pro
730 3597 834 3648 nuntiat
851 3596 970 3662 quidem
988 3610 1077 3646 rernm
1093 3611 1164 3648 ruens
1181 3595 1214 3646 sd
1231 3609 1264 3646 es

162 3685 225 3722 sero
245 3668 382 3734 probatum
406 3676 458 3732 eat,
478 3669 608 3720 sabisturn
632 3683 691 3720 esse
731 3689 788 3738 qum
805 3672 963 3723 exhibentur
978 3685 1029 3721 nou
1046 3671 1179 3723 attendit!
1210 3668 1262 3722 Sed

161 3760 238 3798 amas
254 3744 382 3809 judicium
399 3745 455 3796 veri
474 3753 502 3800 et
521 3744 579 3795 t'slsi
599 3745 691 3810 putat!
732 3748 764 3798 de
785 3747 824 3797 bis
843 3747 969 3811 praeclare
989 3746 1126 3796 admodum
1141 3744 1261 3798 Maerob.

162 3821 205 3872 Sic
220 3826 334 3871 mentem
345 3821 452 3885 Epicuri
465 3828 553 3871 natum
567 3819 631 3872 facit
647 3833 691 3870 no·
732 3823 835 3873 Ssturn.
846 3835 898 3872 vrr.
911 3825 950 3871 ll.
966 3821 1179 3874 &nsaleiocuau
1204 3821 1264 3873 Em·

161 3896 202 3946 bis
211 3897 260 3946 bsc
270 3896 338 3946 dere
350 3896 495 3960 Empiricos
504 3895 613 3947 docens:
631 3897 699 3960 ‘Er-¹
733 3897 830 3963 piricua
839 3897 962 3947 adversus
973 3896 1080 3960 uuicos
1094 3897 1176 3949 multo
1187 3897 1264 3964 plnrs

163 3987 221 4022 rsre
229 3986 282 4033 eos,
291 3973 335 4038 qni
344 3971 535 4036 pbsnlssiarurn
548 3971 585 4036 [b.
597 3986 621 4022 e.
632 3971 693 4021 ims-
733 3970 815 4022 refert
827 3971 859 4022 sd
870 3971 937 4021 baua
947 3985 1012 4022 rem.

164 4047 265 4112 ginsm]
284 4047 346 4097 sliss
363 4061 420 4097 esse
438 4060 522 4108 seras,
536 4047 598 4097 sliss
615 4046 694 4098 islaaa
764 4051 814 4098 lul
839 4045 969 4112 Opisatass
994 4048 1179 4114 opinationes,
1191 4046 1263 4113 jadi-

164 4122 265 4185 dbrnnt,
284 4130 410 4188 qusteaua
428 4137 480 4174 uon
500 4125 588 4174 valent
610 4125 693 4188 ipanus
734 4123 781 4175 cis.

164 4196 310 4262 opinionem
336 4199 369 4249 sb
396 4200 529 4250 evidentis
557 4213 692 4264 seponere.
764 4199 896 4250 ddstru
911 4199 980 4264 nillil,
994 4197 1047 4262 lfa]
1063 4199 1195 4250 Haeduos
1208 4213 1262 4250 ser·
