3154 4884
261 387 330 454 242
634 409 668 457 r.
694 409 871 460 uuounrrr
897 409 987 461 cartr

261 549 403 633 Singula
416 571 477 638 per
492 551 680 635 quoiusque
693 551 860 618 foramina
874 573 1079 636 permanare.

305 651 388 716 Huc
404 652 548 728 adcadit,
564 651 632 715 utei
647 651 757 716 mellis
772 653 938 738 lactisque
952 656 1111 739 liquores,

258 751 282 819 J
285 753 418 818 ocundo
432 773 531 818 sensu
545 755 681 836 linguae,
697 759 880 819 tractentur
894 757 929 820 iu
944 777 1021 838 ore;

259 856 307 919 At
321 862 440 920 contra
455 861 538 922 tetra
550 855 709 920 absinthii
722 863 842 920 natura
858 855 984 940 ferique
1090 847 1092 852 ’

260 955 429 1021 Centaurii
440 957 519 1022 fedo
536 963 753 1040 pertorquent
766 975 827 1022 ora
843 977 987 1041 sapore3

263 1058 310 1122 Ut
320 1058 420 1123 facile
432 1059 618 1142 adgnoscas
633 1080 651 1124 e
666 1060 813 1132 laevibns
829 1067 930 1143 atque
945 1057 1100 1126 rotundis

255 1157 346 1224 Esse
358 1179 408 1237 ea,
423 1180 499 1244 quae
517 1181 633 1226 sensns
643 1161 793 1245 jocunda
806 1166 943 1244 tangere
958 1169 1117 1245 possunt:

254 1259 302 1325 At
317 1269 446 1340 contra,
462 1281 538 1346 quae
552 1281 677 1339 amara,
691 1271 791 1344 atque
808 1281 940 1346 aspera,
954 1283 1124 1349 quomque
1142 1266 1306 1348 ridentur,

148 1433 155 1444 ,
257 1363 348 1429 Haec
363 1364 470 1447 magis
484 1365 629 1429 hamatis
643 1365 728 1429 inter
742 1385 779 1428 se
795 1383 884 1429 nexa
898 1366 1021 1445 teneri3
1293 1352 1360 1436 ito

258 1560 338 1610 sabito
353 1575 396 1624 par
412 1562 519 1624 riegrim
535 1579 638 1627 parasque
657 1563 709 1613 coti
731 1569 829 1615 mantea
871 1564 941 1613 Adde
964 1565 1025 1628 qaod
1040 1563 1142 1628 tiquam
1157 1564 1234 1614 mab
1249 1571 1274 1615 st
1289 1566 1360 1615 lactis

256 1630 381 1674 remearat
397 1626 424 1675 ia
442 1633 717 1690 orccnmgmtogartu
733 1630 831 1690 tingue.
866 1631 1021 1678 castravere
1040 1634 1127 1677 natm
1143 1643 1225 1678 assare
1236 1630 1360 1693 absinthi,

256 1693 282 1737 st
296 1691 399 1749 martia
408 1695 539 1740 matacrcae
553 1694 702 1755 distorqueat
713 1709 755 1742 ora
766 1699 827 1741 tetro
838 1706 885 1741 sno
895 1707 986 1754 rapere.
1024 1693 1057 1741 Ut
1076 1694 1136 1742 inde
1146 1708 1271 1754 cognom
1282 1693 1359 1754 surita

256 1767 358 1865 ἔξω,
373 1769 426 1817 pac
434 1761 534 1818 possm
544 1757 637 1821 afficere
644 1757 745 1806 (Μάιον
754 1771 845 1818 marm,
853 1761 959 1806 cantara
968 1771 1000 1832 pa
1011 1758 1103 1806 atomis
1113 1758 1225 1818 levigetis
1235 1763 1259 1806 ct
1276 1759 1359 1806 tereti-

304 1852 311 1866 .
328 1824 411 1868 contra
420 1834 484 1883 ocra,
500 1835 640 1884 qaoeeaaqae
652 1835 693 1872 rea
703 1827 759 1872 east
769 1837 857 1871 maara
867 1825 891 1869 er
908 1822 1021 1884 bcmdoe,
1036 1821 1080 1870 bas
1090 1825 1222 1884 compactas
1236 1836 1285 1871 aras
1293 1824 1359 1872 irater

618 1971 621 1978 '
717 1966 895 1988 mm

254 2073 348 2110 marc
359 2061 434 2112 Voss.
447 2069 499 2112 ret.
511 2063 581 2113 Mna.
593 2064 622 2114 B.
632 2067 740 2114 0.-808
759 2065 828 2114 Naar
840 2063 908 2112 Mur.
925 2063 957 2112 B.
968 2066 993 2112 0.
1010 2061 1065 2112 Hoc
1077 2061 1132 2114 Gis.
1143 2063 1230 2112 acida
1241 2063 1311 2113 Mna.
1324 2065 1359 2114 B.

254 2127 278 2172 2.
287 2126 384 2185 liquoris
395 2127 462 2176 Mus.
475 2129 508 2176 Β.
517 2133 539 2176 1.
550 2133 657 2178 0.-000
665 2131 757 2190 nagan
763 2128 797 2178 V.
807 2129 848 2176 sd.
858 2128 904 2176 Tb.
916 2127 1046 2176 lta-too
1057 2127 1145 2176 absim
1156 2127 1190 2178 V.
1200 2127 1242 2176 ed.
1253 2129 1301 2176 Tb.
1310 2129 1358 2179 Ra.

254 2189 358 2238 abaiatin
376 2190 444 2239 Mna.
462 2191 494 2239 B.
513 2193 537 2240 2.
552 2191 660 2256 scirique
682 2193 751 2241 Mus.
763 2193 795 2242 Β.
806 2196 832 2240 0.
844 2197 939 2252 actara,
950 2191 1052 2251 sacimas
1063 2191 1096 2240 V.
1108 2191 1150 2240 ad.
1162 2192 1209 2240 Tb.
1226 2193 1355 2242 iia-⁴⁰2

252 2253 361 2314 agaunis
372 2253 404 2302 V.
417 2254 458 2303 cd.
469 2255 515 2302 Tb.
528 2256 575 2304 Ra.
593 2257 682 2305 icadas
694 2256 728 2305 0.
741 2256 808 2305 Mus.
826 2255 859 2304 B.
879 2257 983 2304 1.-400
998 2255 1089 2318 pararat
1107 2255 1177 2304 Mus.
1195 2256 1228 2304 B.
1248 2260 1355 2306 0.-404

255 2331 307 2380 qaoe
317 2323 343 2366 at
356 2332 435 2370 manre
446 2324 623 2384 atqueatquc
634 2320 666 2371 P.
686 2321 713 2371 in
725 2320 868 2371 Not-4⁰⁵
885 2320 972 2368 mdc
983 2319 1052 2369 Mus.
1064 2320 1097 2370 B.
1107 2323 1130 2370 1.
1140 2323 1165 2372 2.
1176 2333 1265 2383 caaqrrc
1277 2323 1352 2370 tcasri

686 2513 700 2543 ,
751 2461 857 2548 norm

254 2597 282 2633 se
303 2583 412 2635 invicem
431 2586 572 2637 distractae.
606 2586 657 2637 Atii
673 2587 783 2650 maneta,
823 2592 963 2636 centaurea
975 2585 1086 2636 sanarit.
1119 2583 1196 2636 Dixit
1207 2591 1293 2638 autern
1305 2587 1357 2638 Lu·

255 2659 328 2724 qnaai
354 2661 529 2726 ‘attenuata,'
554 2661 678 2712 ‘subtilia
689 2661 706 2725 ;’
733 2675 783 2712 nac
822 2659 1356 2714 crstins‘r‘eri'vciobcentanriiamaritu·

253 2735 330 2784 mate.
821 2735 908 2786 dincru
935 2736 1095 2800 indomitam,
1120 2740 1161 2789 rai
1182 2739 1215 2788 ob
1237 2740 1358 2792 Chironis

285 2811 334 2859 wi
347 2809 490 2876 Ominaque]
500 2813 582 2876 Supp.
593 2811 653 2875 coii,
663 2818 708 2863 ant
717 2811 781 2862 alta·
823 2811 1019 2875 immanitatem,
1027 2813 1100 2876 cujus
1110 2828 1169 2878 pars
1181 2815 1300 2879 superior
1310 2819 1357 2867 bn·

253 2885 306 2934 rina
316 2886 382 2933 rasta
394 2885 426 2933 ad
439 2886 574 2936 celandum
593 2887 657 2953 apti.
823 2901 899 2936 mana
926 2885 987 2948 fuit,
1015 2887 1144 2951 posterior
1171 2903 1234 2940 vero
1261 2889 1356 2955 ferina,

285 2964 333 3009 008
351 2959 407 3007 Hae
420 2961 514 3010 adsedit
524 2963 584 3023 atei,
599 2961 653 3026 aa]
670 2961 720 3012 His
740 2966 781 3012 ro.
822 2974 917 3026 nempe
928 2961 1032 3027 equina.
1059 2962 1130 3013 Hinc
1142 2973 1219 3014 vocat
1229 2965 1358 3032 Virg.rrr.

252 3050 305 3085 ras.
324 3036 399 3084 solvit
411 3048 450 3084 rr.
463 3037 596 3098 problema
607 3036 641 3086 de
661 3037 737 3086 mette
753 3043 782 3087 et
823 3029 919 3099 Geor'g.
931 3037 1026 3098 ‘grave
1038 3038 1136 3088 olentia
1145 3047 1286 3092 centaurea
1295 3043 1312 3104 ;'
1327 3051 1357 3096 et

252 3111 399 3174 iactaque
412 3110 497 3174 gustui
508 3109 593 3159 dulcia
610 3118 687 3159 snnrz
705 3118 733 3160 at
747 3111 781 3162 de
823 3110 926 3161 barret.
943 3125 982 3162 rr.
1006 3116 1062 3163 ras.
1081 3115 1186 3167 ‘tristia
1202 3119 1356 3170 centauria!

251 3185 387 3247 absinthio,
416 3183 483 3248 quod
501 3197 614 3232 amarum
635 3191 675 3233 eat
696 3185 781 3236 ratde.
822 3186 874 3236 Sed
886 3187 919 3238 de
929 3187 978 3237 bac
988 3189 1067 3239 berba
1083 3189 1152 3241 Plin.
1165 3205 1235 3244 ur.
1244 3198 1268 3245 0.

252 3263 307 3312 Met
316 3269 404 3310 auteur
412 3266 440 3308 et
447 3258 487 3308 iac
497 3257 708 3309 idcoduiciaesaa
716 3261 782 3321 vult,
855 3267 902 3311 401
919 3263 1078 3327 Pertorqaeat
1092 3267 1147 3331 nra]
1164 3266 1197 3316 ld
1214 3275 1266 3330 est,
1277 3267 1356 3321 effici·

251 3335 313 3399 qnia
324 3341 445 3384 constant
463 3347 496 3382 ex
513 3334 606 3383 atomis
621 3335 739 3398 levigatis
755 3342 783 3384 at
823 3342 871 3385 unt
882 3345 921 3399 ut,
938 3339 1027 3404 quiea
1044 3347 1131 3404 gustat
1149 3356 1180 3392 aa
1198 3345 1308 3410 mandit,
1325 3361 1354 3396 os

250 3408 380 3469 rotundis,
395 3423 451 3472 qna
469 3408 583 3471 palatum
596 3407 713 3470 jucunde
727 3407 782 3456 affi·
823 3411 985 3478 distorqueat
1003 3429 1057 3480 prae
1065 3417 1252 3471 amaritudine:
1265 3436 1354 3486 qnam·

251 3484 340 3534 cinnt:
354 3482 510 3531 absinthium
522 3497 584 3530 vero
596 3496 710 3530 amarum
726 3496 782 3531 sen·
821 3487 968 3552 admodum,
982 3491 1025 3554 qui
1046 3491 1153 3542 barbam
1168 3493 1295 3546 Sardoam
1311 3498 1355 3548 de·

250 3558 304 3620 tiri,
321 3557 381 3622 quia
392 3549 501 3606 coustat‘
511 3571 542 3606 ea
555 3556 648 3605 atomis
663 3557 783 3621 bauratia,
821 3563 958 3625 gustarint,
971 3565 1033 3614 rnnri
1043 3564 1164 3618 dicuntur
1174 3583 1220 3619 ore
1232 3569 1354 3622 distorto.

251 3641 280 3683 at
298 3631 410 3692 acerbis,
427 3645 484 3695 qna
503 3630 616 3694 lingnam
626 3638 653 3681 et
664 3631 778 3696 palatum
818 3635 888 3687 Hinc
899 3639 962 3687 titud
973 3639 1090 3705 adagium
1103 3659 1110 3691 z
1123 3643 1189 3694 rians
1198 3645 1353 3699 sardonius.

250 3722 341 3772 aspare
356 3706 499 3766 ladonam
510 3713 642 3770 rumpunt.
818 3710 915 3762 Sardoa
927 3715 1023 3780 quippe
1040 3731 1134 3767 nerana
1151 3720 1354 3788 oriscontrabit,

249 3797 252 3804 ⁴
273 3788 322 3834 too
335 3782 434 3844 Fertque
442 3781 667 3844 cmoarttJSnpp.
676 3787 778 3833 natura.
819 3793 848 3836 et
858 3801 903 3837 ora
916 3789 982 3838 rictu
992 3791 1102 3844 diducit.

249 3858 271 3907 1.
293 3871 316 3906 e.
341 3855 513 3916 centaurium,
540 3857 581 3905 rel
602 3863 778 3920 centauream,
849 3865 1352 3938 ttitQaoe]Dipbtbougusoecorripitnr

250 3933 291 3982 rel
305 3938 454 3980 centaurea.
488 3931 553 3981 Qua
566 3929 644 3980 herba
656 3940 696 3981 est
710 3948 777 3983 aura·
819 3944 933 4002 propter
949 3951 1099 4005 sequentem
1111 3946 1238 3998 rocaiem.

248 4004 403 4064 riasima,aic
413 4004 628 4055 dictaaCbirone
638 4009 777 4070 Centauro,
850 4011 980 4078 Quousque]
995 4018 1094 4070 'l'ureaia
1109 4022 1354 4087 vocabatiqaacm.

250 4081 294 4146 qui
312 4081 379 4128 iiiios
399 4079 448 4126 viru
469 4084 497 4128 et
517 4093 589 4128 nsum
610 4082 717 4133 invenit.
750 4085 776 4134 la
818 4099 870 4148 qae.

249 4157 318 4205 enirn
340 4169 397 4202 curn
414 4165 483 4201 arma
499 4153 622 4202 Herculia
640 4163 777 4220 tractarat,
853 4164 900 4210 tob
919 4163 990 4214 Nera
1010 4169 1099 4235 terreri]
1114 4171 1219 4236 stipata
1238 4181 1267 4225 et
1292 4189 1352 4241 pcr-

248 4229 347 4294 saqitta
366 4239 501 4292 percautus
522 4227 549 4276 in
567 4229 644 4294 pede,
667 4234 778 4296 seipsum
819 4235 1089 4299 pteraoebareacere.
