3038 4864
628 421 822 476 sunnone.
1225 411 1272 480 dd

131 661 135 672 Ι
175 589 299 675 primit,
323 587 416 675 quod
439 595 493 654 est
514 588 550 656 in
565 585 714 674 Hecyra,
737 603 793 653 ιιι.
809 603 844 653 v.
858 585 913 654 82.
937 585 1150 674 ‘Pamphila
1176 587 1269 654 haud

174 694 280 759 invito
304 691 348 758 ad
371 711 469 759 aures
490 711 605 758 sermo
627 689 709 757 mihi
730 691 878 758 accessit
898 690 998 758 tuns!
1054 691 1268 758 ‘Accidere’

176 797 264 862 enim
277 795 477 862 maluerunt.
520 791 714 860 Solennium
733 791 952 880 formularum
969 799 1124 879 captator
1145 795 1268 862 Luere-

174 899 246 964 tius
263 897 329 986 (uti
351 897 533 966 manifesto
555 917 633 964 sese
655 897 768 986 prodit
788 899 823 965 in
845 899 923 964 istis
943 917 1001 964 ex.
1016 917 1063 983 gr.
1077 897 1137 965 ubi
1152 915 1176 964 1.
1190 897 1268 966 7⁴2.

175 1001 279 1068 dicit:

275 1103 320 1168 Et
334 1105 476 1188 graviter
488 1104 602 1188 magui
612 1121 736 1189 magno
752 1101 900 1170 cecidere
914 1103 962 1169 rhi
977 1121 1080 1170 casn:

175 1211 232 1272 aut
248 1221 304 1271 ιιι.
320 1207 418 1274 1528.

274 1309 343 1375 Sed
357 1315 467 1375 matos
481 1310 515 1374 in
528 1308 599 1375 rita
613 1325 785 1394 poenarum
800 1327 863 1396 pro
875 1307 1062 1374 malefactis

274 1409 338 1476 Est
352 1411 537 1496 insignitius
553 1409 712 1494 insignis:

172 1513 348 1580 formulam
364 1513 453 1580 anim
465 1513 611 1580 referunt
621 1529 773 1598 qnaenon
784 1511 876 1597 apud
886 1507 1148 1597 Aristophanem
1159 1513 1268 1592 modo,

174 1622 233 1682 aut
247 1617 339 1696 alibi,
362 1616 424 1681 sed
438 1623 472 1682 et
495 1617 530 1682 iu
550 1615 636 1702 ipsis
661 1613 776 1681 Sacris
793 1615 917 1682 Litoris
941 1616 1101 1681 occurrit:
1125 1614 1266 1680 ἀπολέσαι

176 1719 279 1794 κακοὺς
298 1725 404 1794 κακῶς,
418 1717 496 1804 tac.)
510 1737 586 1786 cum
601 1725 636 1784 et
645 1723 706 1783 ιιι.
732 1719 809 1785 556.
836 1717 1039 1804 scripsisset,
1067 1725 1105 1786 ut
1125 1721 1262 1785 omnino

174 1822 344 1901 existimo,
360 1828 395 1887 et
408 1821 456 1888 ibi
470 1841 600 1901 moneo,
626 1825 810 1886 ‘connexu
835 1839 958 1906 corpur
983 1821 1153 1900 adhaeret‚’
1175 1833 1208 1888 et
1227 1823 1270 1887 si·

173 1925 253 1990 mile
268 1925 352 2012 quid
366 1925 483 1992 tinnire
497 1930 645 2009 cuperet,
669 1923 791 1988 mutari
809 1929 922 1989 tameo
937 1929 970 1988 et
980 1924 1101 2008 corrigi
1116 1943 1138 1990 a
1152 1944 1271 1990 censo·

173 2029 265 2092 ribus
280 2027 352 2092 suis
372 2027 497 2094 debuit.
538 2025 664 2110 Tropis
685 2025 856 2111 indulgere
878 2033 1023 2114 quantus
1035 2025 1138 2092 fuerit
1151 2027 1271 2094 artifex

174 2127 283 2196 Poeta
296 2135 422 2208 nomer,
436 2131 576 2214 passim,
600 2137 640 2193 ut
663 2129 794 2212 opinor,
819 2135 854 2196 et
876 2127 1008 2194 abundo
1030 2133 1132 2213 patet.
1177 2128 1269 2209 Quid

174 2233 260 2296 enlm
275 2239 343 2299 tam
358 2233 475 2298 diuum
501 2239 602 2316 atque
616 2231 825 2299 intolerabile
847 2253 909 2319 per
930 2253 979 2312 se,
1002 2231 1172 2316 quodnon
1186 2233 1268 2298 dex·
1345 2219 1350 2228 “

174 2337 304 2403 toritato
315 2339 462 2423 quadam
476 2337 629 2403 emolliat
643 2343 676 2402 et
691 2337 945 2421 pulcherrimum
958 2332 1100 2402 officiati
1123 2333 1270 2404 ‘Virum

173 2439 328 2504 bustum’
353 2441 504 2506 dicturus
524 2441 613 2506 feras
635 2441 773 2522 bestias,
790 2459 825 2506 v.
845 2441 923 2508 991.
946 2447 1048 2524 atque
1070 2437 1155 2504 adeo
1179 2442 1270 2525 aspi-

173 2561 249 2607 rans
274 2541 411 2608 eandem
434 2543 525 2608 illam
549 2541 794 2628 metaphoram,
820 2561 923 2628 quam
951 2543 986 2606 in
1014 2535 1158 2619 ὑποξῦλοις
1185 2561 1271 2625 quos

173 2649 289 2723 vocat,
311 2641 428 2730 (quasi
452 2642 692 2711 ‘bracteatus'
716 2643 838 2710 Latine
855 2643 979 2726 dicaa)
1004 2643 1174 2729 Sophistis
1197 2647 1271 2728 qui-

173 2747 318 2812 busdam
345 2746 591 2831 Hermogenes,
616 2747 651 2812 in
678 2743 806 2830 Gorgia
827 2745 994 2813 Icontino
1019 2747 1089 2825 ille,
1118 2765 1216 2832 quem
1237 2755 1272 2813 et

176 2847 288 2912 Faber
297 2841 346 2912 lbi
362 2849 455 2927 citat,
471 2847 651 2932 Longinus,
662 2857 702 2914 ut
714 2849 910 2916 insolentem
926 2869 966 2916 ao
981 2849 1137 2934 frigidam
1159 2849 1270 2934 ριιΙιιιιι

176 2949 413 3034 reprehendere
452 2969 518 3014 non
554 2950 772 3033 dubitavere3
809 2970 909 3036 quam
946 2951 1066 3019 dextre
1094 2963 1207 3020 tamen
1238 2953 1271 3014 Ικ

174 3051 395 3139 παρωνομασιιις
411 3071 486 3116 eam
513 3051 738 3140 insertatque
760 3053 862 3139 hujus
876 3056 931 3120 rel
954 3053 1059 3122 solius
1083 3075 1160 3141 ope,
1179 3056 1272 3141 quod

174 3155 258 3234 ruit,
288 3155 523 3240 consequitur!
557 3155 641 3241 Ipso
669 3157 758 3222 euim
784 3157 1003 3242 Hermogene,
1034 3159 1177 3244 siopus
1206 3165 1271 3238 est,

175 3257 302 3344 judice,
318 3261 395 3348 ἃςγῆ
409 3257 539 3336 πεποίηκε
552 3260 599 3323 τὸν
611 3255 708 3344 λᾶγιι,
720 3279 794 3344 cap.
809 3259 871 3348 rapi
887 3259 1059 3346 δριμέτητος,
1071 3260 1274 3346 simulatque

175 3365 223 3428 ita
247 3361 524 3441 conscenditur
545 3371 580 3427 et
600 3363 798 3446 praemittat:
822 3363 973 3449 ‘pabula
987 3365 1068 3430 vive
1087 3363 1168 3428 feris
1188 3383 1272 3448 prae-

176 3464 304 3543 bebat,'
318 3483 399 3530 mox
422 3471 531 3530 autem
558 3463 696 3530 inferat:
732 3461 848 3531 ‘Viva
875 3465 995 3531 videns
1022 3465 1102 3532 rivo
1131 3465 1271 3552 sepeliri

176 3571 309 3634 viscera
334 3566 456 3633 husto!
517 3563 647 3632 Eodem
676 3567 793 3652 itaque
818 3567 962 3633 consilio
995 3565 1201 3634 illustrandis
1230 3587 1272 3632 ac

176 3671 280 3736 veluti
295 3667 579 3748 communiendis,
609 3667 733 3753 quibus
758 3669 875 3749 utitm,
903 3670 1120 3756 metaphoris,
1149 3689 1212 3758 per
1236 3689 1273 3736 se

178 3773 464 3852 insolentioribus,
480 3773 524 3837 ab
539 3771 735 3838 inducendis
754 3793 845 3854 mox,
860 3775 999 3861 estjam
1014 3773 1161 3841 inductis
1183 3793 1273 3841 com·

177 3876 412 3963 potationibus
426 3873 606 3963 παραμυθίαι
618 3877 765 3942 mutuari
780 3875 876 3955 solet,
889 3883 928 3944 ut
944 3895 969 3943 ι.
988 3877 1062 3944 iod.
1086 3881 1097 3912 ‘
1115 3876 1272 3963 Namque

177 3999 276 4045 canes
292 3985 330 4045 ut
343 3977 570 4062 montivagae,’
587 3979 647 4043 irc.
677 3995 718 4044 ιι.
732 3979 786 4047 54.
814 3979 934 4047 ‘Nam
947 3979 1053 4046 veluti
1074 3979 1193 4070 pueri}
1212 3984 1271 4046 &a

177 4081 300 4148 auor.

289 4183 411 4256 Nonne
425 4185 522 4251 rides
537 4187 652 4266 edam,
664 4205 766 4272 qnam
776 4186 847 4253 late
857 4207 984 4275 parvus
998 4189 1100 4275 aquai

293 4282 399 4351 Prata
412 4289 498 4371 n'get
507 4289 582 4359 funs
597 4291 791 4358 interduml
804 4295 865 4357 &a

241 4385 503 4453 omoynum.
615 4461 617 4465 Ι
670 4392 767 4446 narr.
1184 4391 1208 4442 E
