3038 4864
238 339 310 452 '15⁰
618 397 820 446 ususuuut
847 395 1023 444 rurreusr

268 491 361 624 rinus,
384 551 416 611 et
429 543 602 613 similibus
628 543 690 622 illi,
706 543 795 608 idem
810 542 857 620 in,
880 540 1009 617 ‘neum’
1025 546 1061 604 et
1078 537 1237 621 ‘suapte'
1250 541 1312 602 irc.
1326 535 1362 600 bi

268 651 375 715 secuti
399 653 485 714 sunt.
529 645 641 724 Adde,
662 646 752 729 quud
775 652 809 711 et
830 645 964 722 Festus,
996 639 1153 725 ‘suopte’
1183 647 1192 678 ‘
1204 637 1363 723 meopte,'

268 749 421 836 ‘tuopte'
435 751 597 833 eguuscit,
613 755 648 815 et
662 749 734 814 Cic.
751 766 775 812 ι.
797 749 901 813 'fuse
918 749 962 826 Q.
986 753 1129 829 ‘suopte
1145 742 1247 810 nutu-'-
1263 741 1363 819 dixit,

268 853 436 940 quomodo
460 859 492 916 et
515 854 551 916 iu
579 851 739 934 Vulgatis
760 853 837 930 fere,
860 853 995 915 ‘souitu
1027 846 1172 931 suopte,'
1196 845 1361 914 Catullus.

268 958 375 1024 Hisce
403 954 571 1022 accedunt
593 955 765 1018 innumere
793 955 873 1032 elie,
905 955 955 1018 ite
980 953 1113 1018 evolute
1142 958 1177 1016 et
1206 970 1362 1033 expense

268 1060 364 1144 quusi
378 1057 608 1136 vocubule‚'ut
623 1076 720 1122 eures
738 1065 874 1123 nostres
894 1055 1031 1142 implere
1056 1056 1222 1119 omnisne
1244 1054 1361 1120 mudu-

266 1163 400 1239 letioue,
411 1181 473 1247 pro
488 1179 525 1225 se
539 1159 809 1244 unumquodque,
825 1168 971 1225 certasse
983 1157 1179 1236 rideantur;
1201 1165 1237 1222 et
1247 1157 1360 1220 merito

267 1263 412 1341 dubites,
433 1283 475 1328 en
488 1265 545 1336 τοῖς
561 1260 682 1342 latrum,
698 1280 841 1344 quorum
854 1263 936 1326 iuter
950 1261 1106 1338 Graecos,
1121 1279 1197 1324 nuru
1212 1257 1359 1343 poetice,

266 1371 337 1430 tum
362 1367 464 1430 etiem
492 1370 617 1430 ueturu¹
636 1363 760 1439 dulcis,
790 1382 832 1428 ec
859 1365 973 1427 suevis
1001 1363 1162 1446 inprimis,
1194 1361 1359 1426 dialecton

167 1542 173 1556 ι
266 1467 357 1550 epud
371 1465 453 1530 ertis
466 1464 645 1547 magistros
655 1461 759 1540 eudit,
774 1463 946 1529 Lucretius
955 1465 1134 1548 quicquam
1147 1463 1359 1528 concesserit.

265 1565 423 1650 Exempli
438 1567 516 1631 loco
528 1568 584 1644 sit,
601 1583 635 1628 v.
648 1565 727 1631 739.

353 1669 484 1733 Crrnctn
497 1668 671 1733 coloribus
686 1669 828 1752 egregiis
842 1675 874 1733 et
887 1667 1048 1733 odoribus
1063 1669 1188 1752 opplet.

264 1772 492 1857 Ὗτοκοριστικὰ,
514 1771 631 1836 nescio
646 1789 734 1854 quse,
755 1771 870 1836 inillis
884 1771 1043 1836 cnudire
1057 1771 1136 1836 mibi
1152 1769 1278 1848 videor,
1293 1789 1358 1836 nou

264 1875 325 1940 ille
339 1874 462 1958 pueris,
483 1873 542 1938 ssd
558 1873 649 1952 viris,
672 1874 782 1958 iisque
796 1874 851 1938 vel
864 1873 1072 1956 gravissimis
1090 1873 1357 1950 Romulidarum,

265 1974 463 2042 deliniendis
490 1981 570 2062 epte
592 1983 678 2042 nete.
723 1976 836 2056 Quint
858 1977 950 2061 quud
965 1984 998 2041 et
1022 1995 1151 2041 omnem
1173 1973 1358 2050 ‘Pallorisss

268 2079 451 2144 ‘Terruris'
466 2088 501 2145 et
511 2099 652 2163 quorum
662 2097 762 2164 porro
775 2079 891 2143 tellum
901 2079 987 2143 forte
999 2079 1121 2144 mentio
1134 2077 1261 2156 incidit,
1273 2078 1358 2144 nuti-

243 2165 357 2260 ¹vum,
380 2182 482 2246 etita
495 2181 618 2258 dicem,
640 2187 811 2260 tetrorem,
833 2180 869 2244 in
884 2181 1046 2246 auditoris
1062 2182 1183 2260 animo,
1207 2181 1281 2246 sole
1292 2182 1357 2246 iste

266 2281 486 2368 productione
499 2280 597 2360 delet,
619 2288 666 2361 ut,
690 2300 739 2346 ιν.
753 2282 828 2348 337.

395 2383 440 2450 Et
454 2395 595 2467 contage
611 2405 672 2450 sne
687 2386 872 2470 palloribus
885 2385 998 2450 omniu
1011 2387 1162 2470 pingunt,

207 2489 211 2504 ’
264 2487 358 2565 item,
372 2487 447 2552 995.
472 2487 636 2571 siqnidem
651 2488 882 2554 Gifeuiumibi
896 2490 1092 2556 audiemus:

393 2589 513 2655 Donec
527 2591 690 2657 discussis
705 2593 841 2656 redeunt
857 2591 1040 2656 terroribus
1056 2593 1100 2658 ed
1115 2613 1164 2658 se.

263 2692 300 2758 Si
327 2700 462 2777 spectes
485 2693 678 2759 Methodnm
695 2713 794 2779 quern
816 2703 947 2772 vocent,
971 2696 1124 2761 omuibus
1145 2697 1254 2762 modis
1269 2697 1356 2762 Sue·

262 2795 355 2860 vitati
373 2815 444 2861 sum
465 2797 579 2861 litasse
602 2797 684 2862 mibi
708 2798 849 2874 ridetur,
870 2799 928 2882 qui
951 2799 1071 2864 talibus
1093 2807 1162 2862 tum
1184 2799 1353 2878 Exordiis,

262 2901 332 2960 tum
355 2895 516 2979 Epilogis,
543 2915 612 2960 non
638 2899 786 2979 singulos
810 2900 912 2964 modo
935 2899 1051 2977 libros,
1075 2900 1133 2963 sed
1166 2908 1202 2964 et
1226 2901 1354 2985 pleres-

264 3015 330 3079 que
352 2995 550 3062 difficilioris
578 3001 758 3078 argumenti
777 3007 889 3082 purtes
912 3001 1070 3078 minores,
1093 3002 1194 3066 veluti
1216 3003 1355 3068 totidem

265 3099 520 3176 coronamentis,
544 3107 606 3163 eut
619 3098 837 3178 emblematis,
856 3121 957 3185 quem
972 3103 1245 3190 artificiosissime
1261 3104 1354 3170 ideu-

263 3199 366 3266 tidem
381 3200 542 3266 elaboret.
558 3199 624 3265 Ex.
640 3221 688 3284 gr.
706 3217 728 3263 ι.
740 3201 817 3266 929.

262 3353 266 3364 .
305 3302 341 3367 N
344 3321 407 3368 unc
422 3321 496 3386 ege,
511 3303 600 3386 quod
617 3311 770 3387 superest
783 3323 960 3388 cognosce,
976 3314 1012 3371 ct
1025 3307 1148 3373 clerius
1161 3308 1252 3388 endi,
1268 3313 1328 3376 &e

262 3403 322 3470 ubi
332 3403 453 3470 docere
467 3404 664 3488 aggreditur,
685 3406 718 3470 ri
733 3409 789 3470 ecit
801 3404 912 3495 ἄπειρον
929 3407 1015 3475 river:
1038 3419 1083 3490 et,
1100 3429 1140 3475 11.
1157 3413 1253 3476 10‘2'2.

344 3505 447 3571 'Nunc
462 3508 606 3571 enimum
621 3509 719 3573 uobis
733 3509 852 3576 edbibc
867 3531 977 3577 veram
992 3513 1035 3577 ed
1050 3514 1224 3580 rationem.

237 3643 241 3649 ·
260 3609 318 3673 ubi
331 3607 563 3692 disputaturus
577 3616 641 3688 est,
663 3611 776 3693 plures
791 3625 868 3679 csse
882 3615 1043 3697 mundos;
1062 3622 1097 3680 et
1110 3617 1160 3681 sic
1172 3617 1207 3680 iu
1221 3615 1353 3684 ceteris.

260 3707 420 3794 Ejusdem
438 3767 441 3776 .
458 3711 586 3795 iteque'
606 3713 743 3780 instituti
777 3723 841 3795 est,
876 3717 966 3801 quud
1001 3724 1034 3782 et
1063 3717 1183 3784 librum
1219 3719 1353 3784 tertium

260 3811 437 3878 absolvere
451 3831 645 3897 properem,
668 3816 702 3880 in
727 3817 949 3903 philosophice
975 3821 1111 3886 moralis
1124 3823 1225 3904 quesi
1239 3825 1353 3886 cestre

261 3931 335 3978 sese
358 3915 508 3998 conjicit,
530 3924 567 3982 et
587 3918 622 3983 in
649 3919 799 4001 ingratus
824 3920 1066 3988 declamaturus
1087 3923 1254 4006 exsurgit3
1275 3923 1352 3990 libri

259 4017 367 4098 quarti
394 4017 550 4084 lectorem
576 4021 776 4088 inveneris
808 4024 940 4096 taudem
974 4025 1233 4103 contubernium,
1269 4045 1350 4090 uon·

259 4115 338 4182 dum
352 4124 463 4184 temen
487 4121 543 4186 vel
563 4124 615 4188 ite
637 4123 877 4209 philosophum
895 4134 1031 4205 exutus,
1052 4127 1182 4211 recipit.
1228 4127 1352 4194 Deles-
1494 4205 1495 4224 ἶ

215 4248 218 4256 ’
259 4219 513 4302 muniminum,
536 4243 576 4290 ec
597 4229 772 4294 neuseenti
792 4226 888 4306 sorte,
911 4229 956 4294 ibi
972 4227 1016 4294 ed
1036 4247 1179 4312 operose
1204 4231 1264 4297 ille
1286 4251 1350 4318 pro
