3038 4864
308 981 514 1064 OBERTI
542 987 747 1068 GIFANII
776 993 1192 1080 PROLEGOMENA

402 1277 497 1369 DE
522 1279 756 1376 GENTE
781 1287 1092 1382 MEMMIA.

599 1603 900 1616 Q..-

198 1846 271 1935 Dn
293 1873 354 1938 bac
374 1877 476 1958 gente,
498 1875 582 1958 quia
603 1891 711 1957 pauca
726 1879 868 1938 vetemm
883 1877 1018 1959 scriptis
1033 1895 1142 1962 eaque
1155 1877 1210 1942 bic
1221 1877 1290 1944 illic

197 1993 314 2058 sparsa
328 1976 506 2059 supersint,
529 1995 694 2060 nemoque
714 1975 779 2041 boc
803 1977 937 2043 erudito
963 1979 1090 2046 seculo
1110 1981 1291 2065 scripserit,

197 2077 289 2160 quud
298 2077 453 2161 equidem
461 2077 577 2154 sciam,
587 2077 720 2142 difficile
731 2085 786 2143 est
793 2085 828 2142 et
836 2079 974 2144 arduum
983 2080 1091 2146 multa
1102 2099 1209 2166 euque
1220 2101 1291 2148 cer·

196 2185 233 2246 ta
247 2199 441 2265 comparare
450 2187 484 2246 et
495 2183 717 2246 constituere:
740 2182 821 2246 utile
836 2187 944 2246 tamen
955 2191 1008 2248 est
1021 2184 1133 2250 videte
1146 2185 1291 2268 gentiunt

196 2299 238 2348 ac
248 2282 447 2350 familiarum
462 2291 555 2350 crtus
569 2289 604 2348 et
615 2284 779 2362 interitus,
792 2302 930 2368 quarum
940 2303 1049 2350 reram
1062 2287 1209 2370 cognitio
1222 2286 1290 2352 bis-

194 2385 300 2450 torias
314 2385 497 2467 legentibus
511 2385 646 2450 omuino
658 2393 711 2450 est
723 2387 925 2451 necessarie.
969 2386 1090 2469 ltaque
1104 2405 1180 2452 cum
1194 2386 1290 2454 Cice·

192 2507 316 2566 runem,
339 2489 484 2567 Livium,
499 2489 708 2566 Sallustium,
717 2487 910 2570 Virgilium,
932 2493 967 2553 et
991 2490 1138 2554 maxima
1153 2488 1288 2572 poiitern

193 2595 342 2654 nostrum
349 2591 537 2674 legentibus
551 2591 660 2656 futura
675 2592 721 2655 sit
735 2591 826 2656 utilis
839 2599 872 2656 et
881 2589 1035 2674 jucunda
1047 2591 1121 2656 haec
1142 2591 1288 2675 descrip-

193 2692 252 2771 tio,
275 2693 470 2760 difficultate
494 2697 527 2760 et
552 2695 756 2758 obscuritate
780 2711 843 2756 nou
872 2692 1034 2770 deterriti,
1049 2699 1177 2775 gentem
1202 2691 1287 2758 banc

193 2793 427 2860 Memmiomm
437 2815 607 2880 exponere
619 2795 822 2860 conabimur.
867 2791 912 2857 Et
921 2801 958 2858 nt
979 2794 1022 2858 ab
1036 2793 1287 2878 altimaorigine

193 2915 268 2960 eam
282 2883 484 2980 repetamus,
499 2895 614 2961 scribit
634 2894 798 2977 Virgilius
820 2894 1090 2978 antiquissimam
1112 2913 1199 2974 essa,
1213 2902 1249 2961 et
1265 2915 1287 2962 a

191 2996 348 3082 Trojauis
365 2997 560 3064 oriundam:
582 2999 691 3082 inquit
718 2997 806 3062 enim
835 2997 976 3063 doctiss.
999 2995 1105 3082 poiita
1118 2997 1140 3062 Ι.
1157 3013 1191 3062 ν.
1212 2997 1286 3064 117.

192 3099 303 3164 ‘Mox
331 3099 439 3166 Italus
470 3099 676 3178 Mnestheus,
705 3115 809 3182 genus
833 3117 855 3164 a
876 3118 945 3183 quo
971 3101 1104 3164 nomine
1127 3097 1288 3164 Memmi:

190 3201 317 3268 Verum
331 3203 367 3266 iu
382 3223 409 3268 r.
424 3204 609 3288 p.primum
618 3203 699 3268 belli
712 3201 857 3268 Histrici
871 3207 1029 3286 tempore,
1043 3198 1135 3285 qnod
1150 3201 1286 3266 eclou-

190 3307 247 3372 tlio
262 3306 388 3371 Pulcro
405 3326 477 3374 cos.
491 3327 580 3373 auno
594 3307 638 3370 U.
654 3308 693 3373 C.
713 3325 748 3370 n.
765 3320 907 3370 nxxrrr.
921 3305 1109 3370 conlectum
1122 3301 1198 3381 fuit,
1212 3301 1286 3387 ejus

189 3411 385 3474 mentionem
417 3410 562 3476 invenio.
607 3409 725 3474 Livius
746 3407 836 3473 anim
857 3407 944 3472 libro
969 3422 1049 3471 xm.
1078 3404 1117 3472 C.
1141 3404 1286 3473 Claudio

189 3509 326 3588 Pulcro‚
342 3511 397 3576 Ti.
413 3512 611 3596 Sempronio
631 3531 722 3579 coss.
748 3531 833 3577 anuo
848 3515 928 3594 post
951 3510 1051 3574 trium
1072 3509 1199 3574 clariss.
1222 3506 1284 3572 ‹in-

189 3631 264 3677 cum
280 3611 552 3698 Philopoemenis,
567 3617 749 3702 Scipionis,
774 3621 811 3678 et
824 3612 1029 3678 Hannibalis
1042 3615 1192 3688 mosem,
1207 3629 1284 3695 sep·

189 3715 294 3794 tim03
317 3733 379 3780 sex
407 3714 502 3780 anuis
516 3723 594 3782 anta
610 3718 845 3801 gravissimum
864 3733 906 3780 ac
921 3713 1071 3780 nobiliss.
1096 3711 1177 3778 illud
1206 3731 1282 3776 cum
1405 3711 1407 3720 '

188 3815 313 3882 Perseo
335 3817 546 3884 Macedoniae
569 3839 645 3904 rege
658 3819 782 3884 bellum
798 3838 806 3884 :
828 3835 868 3882 eo
881 3815 982 3900 igitur
994 3821 1151 3899 tempore,
1165 3813 1283 3879 scribit

188 3918 307 3984 Livius
323 3917 362 3984 0.
385 3917 577 3986 Memmium
602 3925 777 4006 praetorem
803 3925 947 3984 urentium
975 3935 1062 3996 ease,
1085 3916 1184 4001 eique
1206 3933 1282 3980 eva-

185 4021 274 4086 uisse
288 4021 491 4108 provinciam
512 4023 710 4090 Sardiniam.
754 4019 853 4086 Unde
866 4018 1044 4102 intelligas,
1066 4019 1152 4084 alios
1176 4017 1283 4082 atium

187 4124 397 4205 magistratus
410 4144 496 4205 eum,
519 4133 603 4211 puta
617 4129 820 4210 questurum
834 4127 869 4186 et
882 4119 1087 4200 aedilitatem,
1109 4118 1254 4204 gessisse
1269 4137 1279 4182 ε

186 4225 278 4308 qnod
293 4231 408 4294 sancte
422 4228 543 4312 medus
556 4229 609 4295 illi
621 4235 691 4296 tum
705 4230 923 4303 servarentur,
945 4229 981 4288 et
993 4221 1126 4292 biennio
1140 4227 1217 4288 ante
1234 4219 1282 4284 le-
