<?xml version="1.0" encoding="UTF-8"?>
<!DOCTYPE html PUBLIC "-//W3C//DTD XHTML 1.0 Transitional//EN"
    "http://www.w3.org/TR/xhtml1/DTD/xhtml1-transitional.dtd">
<html xmlns="http://www.w3.org/1999/xhtml" xml:lang="en" lang="en">
 <head>
  <title>
</title>
<meta http-equiv="Content-Type" content="text/html;charset=utf-8" />
  <meta name='ocr-system' content='tesseract 3.04.00' />
  <meta name='ocr-capabilities' content='ocr_page ocr_carea ocr_par ocr_line ocrx_word'/>
</head>
<body>
  <div class='ocr_page' id='page_1' title='image "./dererumnaturali07carugoog_0310.png"; bbox 0 0 3090 4886; ppageno 0'>
   <div class='ocr_carea' id='block_1_1' title="bbox 245 333 968 402">
    <p class='ocr_par' dir='ltr' id='par_1_1' title="bbox 245 333 968 402">
     <span class='ocr_line' id='line_1_1' title="bbox 245 333 968 402; baseline -0.019 0"><span class='ocrx_word' id='word_1_1' title='bbox 245 333 312 402; x_wconf 77' lang='lat'><strong>302</strong></span> <span class='ocrx_word' id='word_1_2' title='bbox 617 345 651 392; x_wconf 83' lang='grc' dir='ltr'><strong>ἰ.</strong></span> <span class='ocrx_word' id='word_1_3' title='bbox 675 341 855 392; x_wconf 82' lang='lat' dir='ltr'><strong>nuoanurr</strong></span> <span class='ocrx_word' id='word_1_4' title='bbox 879 341 968 390; x_wconf 76' lang='lat' dir='ltr'><strong>cunr</strong></span> 
     </span>
    </p>
   </div>
   <div class='ocr_carea' id='block_1_2' title="bbox 245 484 1357 1689">
    <p class='ocr_par' dir='ltr' id='par_1_2' title="bbox 245 484 1345 978">
     <span class='ocr_line' id='line_1_2' title="bbox 247 484 989 572; baseline -0.013 -16"><span class='ocrx_word' id='word_1_5' title='bbox 247 491 429 568; x_wconf 84' lang='lat' dir='ltr'>Nimirum,</span> <span class='ocrx_word' id='word_1_6' title='bbox 442 487 523 572; x_wconf 88' lang='lat' dir='ltr'><strong>quia</strong></span> <span class='ocrx_word' id='word_1_7' title='bbox 536 487 690 552; x_wconf 79' lang='lat' dir='ltr'><strong>matarius</strong></span> <span class='ocrx_word' id='word_1_8' title='bbox 705 484 847 569; x_wconf 87' lang='lat' dir='ltr'><strong>disjaota</strong></span> <span class='ocrx_word' id='word_1_9' title='bbox 860 490 989 550; x_wconf 80' lang='lat' dir='ltr'><strong>tanatum</strong></span> 
     </span>
     <span class='ocr_line' id='line_1_3' title="bbox 247 587 1020 672; baseline -0.014 -12"><span class='ocrx_word' id='word_1_10' title='bbox 247 594 349 671; x_wconf 76' lang='lat' dir='ltr'><strong>Aine,</strong></span> <span class='ocrx_word' id='word_1_11' title='bbox 363 591 565 667; x_wconf 85' lang='lat' dir='ltr'><strong>fluminibus,</strong></span> <span class='ocrx_word' id='word_1_12' title='bbox 579 589 685 666; x_wconf 77' lang='lat' dir='ltr'><strong>torris,</strong></span> <span class='ocrx_word' id='word_1_13' title='bbox 706 594 860 672; x_wconf 81' lang='lat' dir='ltr'><strong>terraque</strong></span> <span class='ocrx_word' id='word_1_14' title='bbox 873 587 1020 667; x_wconf 81' lang='lat' dir='ltr'><strong>croatis3</strong></span> 
     </span>
     <span class='ocr_line' id='line_1_4' title="bbox 249 688 1345 776; baseline -0.006 -15"><span class='ocrx_word' id='word_1_15' title='bbox 249 695 283 761; x_wconf 92' lang='lat' dir='ltr'>N</span> <span class='ocrx_word' id='word_1_16' title='bbox 285 715 336 773; x_wconf 87' lang='lat' dir='ltr'><strong>ac,</strong></span> <span class='ocrx_word' id='word_1_17' title='bbox 352 711 535 776; x_wconf 81' lang='lat' dir='ltr'><strong>congressa</strong></span> <span class='ocrx_word' id='word_1_18' title='bbox 547 690 662 766; x_wconf 89' lang='lat' dir='ltr'><strong>modo,</strong></span> <span class='ocrx_word' id='word_1_19' title='bbox 676 689 812 754; x_wconf 82' lang='lat' dir='ltr'><strong>vitalais</strong></span> <span class='ocrx_word' id='word_1_20' title='bbox 827 688 1076 753; x_wconf 82' lang='lat' dir='ltr'><strong>couvaniauteia</strong></span> <span class='ocrx_word' id='word_1_21' title='bbox 1277 691 1345 761; x_wconf 81' lang='grc'><strong>940</strong></span> 
     </span>
     <span class='ocr_line' id='line_1_5' title="bbox 248 790 1305 874; baseline -0.01 -12"><span class='ocrx_word' id='word_1_22' title='bbox 248 796 401 862; x_wconf 85' lang='lat' dir='ltr'><strong>Contulit</strong></span> <span class='ocrx_word' id='word_1_23' title='bbox 414 795 503 858; x_wconf 87' lang='lat' dir='ltr'><strong>inter</strong></span> <span class='ocrx_word' id='word_1_24' title='bbox 518 812 556 857; x_wconf 86' lang='lat' dir='ltr'><strong>so</strong></span> <span class='ocrx_word' id='word_1_25' title='bbox 570 796 691 869; x_wconf 89' lang='lat' dir='ltr'><strong>motus,</strong></span> <span class='ocrx_word' id='word_1_26' title='bbox 707 791 829 874; x_wconf 88' lang='lat' dir='ltr'><strong>quibus</strong></span> <span class='ocrx_word' id='word_1_27' title='bbox 844 809 942 855; x_wconf 87' lang='lat' dir='ltr'><strong>omns</strong></span> <span class='ocrx_word' id='word_1_28' title='bbox 959 795 1085 856; x_wconf 83' lang='lat' dir='ltr'><strong>tuontss</strong></span> <span class='ocrx_word' id='word_1_29' title='bbox 1297 790 1305 806; x_wconf 88' lang='lat'>&#39;</span> 
     </span>
     <span class='ocr_line' id='line_1_6' title="bbox 245 895 1114 978; baseline -0.012 -13"><span class='ocrx_word' id='word_1_30' title='bbox 245 897 416 966; x_wconf 80' lang='lat' dir='ltr'><strong>Adaeussi</strong></span> <span class='ocrx_word' id='word_1_31' title='bbox 430 915 550 961; x_wconf 84' lang='lat' dir='ltr'><strong>seusus</strong></span> <span class='ocrx_word' id='word_1_32' title='bbox 565 895 768 960; x_wconf 75' lang='lat' dir='ltr'><strong>animantum</strong></span> <span class='ocrx_word' id='word_1_33' title='bbox 783 911 952 978; x_wconf 84' lang='lat' dir='ltr'><strong>quamquo</strong></span> <span class='ocrx_word' id='word_1_34' title='bbox 973 897 1114 956; x_wconf 83' lang='lat' dir='ltr'><strong>tuantur.</strong></span> 
     </span>
    </p>

    <p class='ocr_par' dir='ltr' id='par_1_3' title="bbox 247 993 1357 1689">
     <span class='ocr_line' id='line_1_7' title="bbox 291 993 1157 1081; baseline -0.008 -17"><span class='ocrx_word' id='word_1_35' title='bbox 291 1002 469 1075; x_wconf 71' lang='lat' dir='ltr'><strong>Praeterea,</strong></span> <span class='ocrx_word' id='word_1_36' title='bbox 485 1017 585 1081; x_wconf 86' lang='lat' dir='ltr'><strong>quam</strong></span> <span class='ocrx_word' id='word_1_37' title='bbox 598 997 653 1062; x_wconf 82' lang='lat' dir='ltr'><strong>ris</strong></span> <span class='ocrx_word' id='word_1_38' title='bbox 667 997 867 1061; x_wconf 76' lang='lat' dir='ltr'><strong>animantem</strong></span> <span class='ocrx_word' id='word_1_39' title='bbox 882 993 1041 1076; x_wconf 80' lang='lat' dir='ltr'><strong>grandior</strong></span> <span class='ocrx_word' id='word_1_40' title='bbox 1055 994 1157 1071; x_wconf 88' lang='lat' dir='ltr'><strong>ictus,</strong></span> 
     </span>
     <span class='ocr_line' id='line_1_8' title="bbox 248 1095 1357 1183; baseline -0.005 -16"><span class='ocrx_word' id='word_1_41' title='bbox 248 1102 359 1182; x_wconf 87' lang='lat' dir='ltr'><strong>Quam</strong></span> <span class='ocrx_word' id='word_1_42' title='bbox 374 1098 499 1183; x_wconf 87' lang='lat' dir='ltr'><strong>patitur</strong></span> <span class='ocrx_word' id='word_1_43' title='bbox 512 1105 643 1176; x_wconf 87' lang='lat' dir='ltr'><strong>natura,</strong></span> <span class='ocrx_word' id='word_1_44' title='bbox 657 1104 794 1180; x_wconf 82' lang='lat' dir='ltr'><strong>repento</strong></span> <span class='ocrx_word' id='word_1_45' title='bbox 807 1095 946 1178; x_wconf 79' lang='lat' dir='ltr'><strong>adfligit,</strong></span> <span class='ocrx_word' id='word_1_46' title='bbox 961 1101 996 1158; x_wconf 85' lang='lat' dir='ltr'><strong>at</strong></span> <span class='ocrx_word' id='word_1_47' title='bbox 1018 1096 1146 1160; x_wconf 82' lang='lat' dir='ltr'><strong>omneis</strong></span> <span class='ocrx_word' id='word_1_48' title='bbox 1355 1157 1357 1162; x_wconf 88' lang='grc'><em>,</em></span> 
     </span>
     <span class='ocr_line' id='line_1_9' title="bbox 248 1197 1344 1287; baseline -0.008 -16"><span class='ocrx_word' id='word_1_49' title='bbox 248 1203 406 1287; x_wconf 84' lang='lat' dir='ltr'><strong>Corporis</strong></span> <span class='ocrx_word' id='word_1_50' title='bbox 422 1209 522 1284; x_wconf 83' lang='lat' dir='ltr'><strong>atqua</strong></span> <span class='ocrx_word' id='word_1_51' title='bbox 537 1201 639 1266; x_wconf 87' lang='lat' dir='ltr'><strong>animi</strong></span> <span class='ocrx_word' id='word_1_52' title='bbox 653 1201 761 1283; x_wconf 84' lang='lat' dir='ltr'><strong>porgit</strong></span> <span class='ocrx_word' id='word_1_53' title='bbox 775 1197 973 1264; x_wconf 80' lang='lat' dir='ltr'><strong>contundere</strong></span> <span class='ocrx_word' id='word_1_54' title='bbox 989 1215 1107 1262; x_wconf 81' lang='lat' dir='ltr'><strong>sensus</strong></span> <span class='ocrx_word' id='word_1_55' title='bbox 1123 1217 1133 1262; x_wconf 87' lang='lat'>:</span> <span class='ocrx_word' id='word_1_56' title='bbox 1277 1197 1344 1262; x_wconf 84' lang='grc'><strong>945</strong></span> 
     </span>
     <span class='ocr_line' id='line_1_10' title="bbox 247 1301 1019 1386; baseline -0.01 -15"><span class='ocrx_word' id='word_1_57' title='bbox 247 1303 485 1371; x_wconf 85' lang='lat' dir='ltr'><strong>Dissoluuntur</strong></span> <span class='ocrx_word' id='word_1_58' title='bbox 499 1303 585 1367; x_wconf 86' lang='lat' dir='ltr'><strong>enim</strong></span> <span class='ocrx_word' id='word_1_59' title='bbox 596 1303 757 1386; x_wconf 72' lang='lat' dir='ltr'><strong>posituras</strong></span> <span class='ocrx_word' id='word_1_60' title='bbox 769 1301 1019 1385; x_wconf 85' lang='lat' dir='ltr'><strong>principiorum,</strong></span> 
     </span>
     <span class='ocr_line' id='line_1_11' title="bbox 248 1389 1079 1490; baseline -0.011 -17"><span class='ocrx_word' id='word_1_61' title='bbox 248 1409 294 1473; x_wconf 86' lang='lat' dir='ltr'><strong>Et</strong></span> <span class='ocrx_word' id='word_1_62' title='bbox 311 1405 449 1490; x_wconf 87' lang='lat' dir='ltr'><strong>penitus</strong></span> <span class='ocrx_word' id='word_1_63' title='bbox 471 1409 583 1468; x_wconf 88' lang='lat' dir='ltr'><strong>motus</strong></span> <span class='ocrx_word' id='word_1_64' title='bbox 604 1404 727 1469; x_wconf 83' lang='lat' dir='ltr'><strong>vitales</strong></span> <span class='ocrx_word' id='word_1_65' title='bbox 743 1401 977 1486; x_wconf 82' lang='lat' dir='ltr'><strong>inpediuutm3</strong></span> <span class='ocrx_word' id='word_1_66' title='bbox 1073 1389 1079 1400; x_wconf 81' lang='lat'>&#39;</span> 
     </span>
     <span class='ocr_line' id='line_1_12' title="bbox 248 1505 1071 1586; baseline -0.007 -12"><span class='ocrx_word' id='word_1_67' title='bbox 248 1509 370 1574; x_wconf 83' lang='lat' dir='ltr'><strong>Donec</strong></span> <span class='ocrx_word' id='word_1_68' title='bbox 384 1505 555 1583; x_wconf 81' lang='lat' dir='ltr'><strong>mutarier,</strong></span> <span class='ocrx_word' id='word_1_69' title='bbox 568 1506 698 1570; x_wconf 84' lang='lat' dir='ltr'><strong>omneis</strong></span> <span class='ocrx_word' id='word_1_70' title='bbox 713 1521 881 1568; x_wconf 83' lang='lat' dir='ltr'><strong>concussu</strong></span> <span class='ocrx_word' id='word_1_71' title='bbox 891 1522 953 1586; x_wconf 86' lang='lat' dir='ltr'><strong>par</strong></span> <span class='ocrx_word' id='word_1_72' title='bbox 967 1511 1071 1582; x_wconf 86' lang='lat' dir='ltr'><strong>artus,</strong></span> 
     </span>
     <span class='ocr_line' id='line_1_13' title="bbox 248 1603 968 1689; baseline -0.01 -14"><span class='ocrx_word' id='word_1_73' title='bbox 248 1607 396 1674; x_wconf 84' lang='lat' dir='ltr'><strong>Vitalais</strong></span> <span class='ocrx_word' id='word_1_74' title='bbox 407 1607 527 1672; x_wconf 80' lang='lat' dir='ltr'><strong>animoa</strong></span> <span class='ocrx_word' id='word_1_75' title='bbox 542 1606 653 1670; x_wconf 89' lang='lat' dir='ltr'><strong>nodos</strong></span> <span class='ocrx_word' id='word_1_76' title='bbox 667 1625 687 1670; x_wconf 90' lang='lat' dir='ltr'><strong>o</strong></span> <span class='ocrx_word' id='word_1_77' title='bbox 703 1623 840 1689; x_wconf 86' lang='lat' dir='ltr'><strong>corpore</strong></span> <span class='ocrx_word' id='word_1_78' title='bbox 856 1603 968 1683; x_wconf 90' lang='lat' dir='ltr'><strong>solvit,</strong></span> 
     </span>
    </p>
   </div>
   <div class='ocr_carea' id='block_1_3' title="bbox 242 1799 1348 2316">
    <p class='ocr_par' dir='ltr' id='par_1_4' title="bbox 242 1799 1348 2316">
     <span class='ocr_line' id='line_1_14' title="bbox 247 1799 1345 1928; baseline -0.004 -14"><span class='ocrx_word' id='word_1_79' title='bbox 247 1799 1294 1928; x_wconf 53' lang='lat' dir='ltr'><strong>:tuatim&#39;titatttt‘tutatuta&#39;zptttrttttt</strong></span> <span class='ocrx_word' id='word_1_80' title='bbox 1317 1812 1345 1910; x_wconf 72' lang='grc' dir='ltr'><strong>’.ἓ</strong></span> 
     </span>
     <span class='ocr_line' id='line_1_15' title="bbox 247 1927 1345 1992; baseline -0.005 -14"><span class='ocrx_word' id='word_1_81' title='bbox 247 1935 333 1990; x_wconf 64' lang='lat' dir='ltr'><strong>matum</strong></span> <span class='ocrx_word' id='word_1_82' title='bbox 356 1931 396 1992; x_wconf 89' lang='lat' dir='ltr'><strong>qui</strong></span> <span class='ocrx_word' id='word_1_83' title='bbox 411 1931 490 1979; x_wconf 74' lang='lat' dir='ltr'><strong>uatem</strong></span> <span class='ocrx_word' id='word_1_84' title='bbox 505 1932 537 1978; x_wconf 89' lang='lat' dir='ltr'><strong>ad</strong></span> <span class='ocrx_word' id='word_1_85' title='bbox 558 1931 641 1992; x_wconf 64' lang='lat' dir='ltr'><strong>uitam</strong></span> <span class='ocrx_word' id='word_1_86' title='bbox 664 1936 692 1978; x_wconf 79' lang='lat' dir='ltr'><strong>ot</strong></span> <span class='ocrx_word' id='word_1_87' title='bbox 714 1927 797 1992; x_wconf 81' lang='lat' dir='ltr'><strong>quidus</strong></span> <span class='ocrx_word' id='word_1_88' title='bbox 815 1933 870 1990; x_wconf 86' lang='lat' dir='ltr'><strong>apta</strong></span> <span class='ocrx_word' id='word_1_89' title='bbox 887 1941 969 1978; x_wconf 81' lang='lat' dir='ltr'><strong>sensus</strong></span> <span class='ocrx_word' id='word_1_90' title='bbox 984 1928 1034 1990; x_wconf 85' lang='lat' dir='ltr'><strong>ipsi</strong></span> <span class='ocrx_word' id='word_1_91' title='bbox 1053 1927 1277 1992; x_wconf 81' lang='lat' dir='ltr'><strong>quasiinstamsmti</strong></span> <span class='ocrx_word' id='word_1_92' title='bbox 1290 1941 1345 1974; x_wconf 85' lang='lat' dir='ltr'><strong>aon·</strong></span> 
     </span>
     <span class='ocr_line' id='line_1_16' title="bbox 246 1992 1346 2058; baseline -0.004 -16"><span class='ocrx_word' id='word_1_93' title='bbox 246 1999 341 2042; x_wconf 74' lang='lat' dir='ltr'><strong>saroam</strong></span> <span class='ocrx_word' id='word_1_94' title='bbox 364 1994 490 2058; x_wconf 76' lang='lat' dir='ltr'><strong>quamlibet</strong></span> <span class='ocrx_word' id='word_1_95' title='bbox 511 2001 629 2043; x_wconf 86' lang='lat' dir='ltr'><strong>usturam</strong></span> <span class='ocrx_word' id='word_1_96' title='bbox 654 1992 788 2044; x_wconf 75' lang='lat' dir='ltr'><strong>animatam.</strong></span> <span class='ocrx_word' id='word_1_97' title='bbox 830 1993 923 2042; x_wconf 80' lang='lat' dir='ltr'><strong>Deinde</strong></span> <span class='ocrx_word' id='word_1_98' title='bbox 949 1992 1023 2052; x_wconf 80' lang='lat' dir='ltr'><strong>major</strong></span> <span class='ocrx_word' id='word_1_99' title='bbox 1048 1992 1131 2055; x_wconf 76' lang='lat' dir='ltr'><strong>ptaqa,</strong></span> <span class='ocrx_word' id='word_1_100' title='bbox 1162 2006 1232 2054; x_wconf 85' lang='lat' dir='ltr'><strong>quam</strong></span> <span class='ocrx_word' id='word_1_101' title='bbox 1258 1997 1346 2040; x_wconf 80' lang='lat' dir='ltr'><strong>aarum</strong></span> 
     </span>
     <span class='ocr_line' id='line_1_17' title="bbox 242 2055 1346 2121; baseline -0.004 -15"><span class='ocrx_word' id='word_1_102' title='bbox 242 2055 311 2116; x_wconf 81' lang='lat' dir='ltr'><strong>farra</strong></span> <span class='ocrx_word' id='word_1_103' title='bbox 329 2065 426 2121; x_wconf 77' lang='lat' dir='ltr'><strong>potest,</strong></span> <span class='ocrx_word' id='word_1_104' title='bbox 441 2057 517 2106; x_wconf 79' lang='lat' dir='ltr'><strong>autito</strong></span> <span class='ocrx_word' id='word_1_105' title='bbox 545 2063 616 2106; x_wconf 75' lang='lat' dir='ltr'><strong>mant</strong></span> <span class='ocrx_word' id='word_1_106' title='bbox 642 2057 768 2120; x_wconf 76' lang='lat' dir='ltr'><strong>quamlibet</strong></span> <span class='ocrx_word' id='word_1_107' title='bbox 792 2063 910 2105; x_wconf 84' lang='lat' dir='ltr'><strong>naturam</strong></span> <span class='ocrx_word' id='word_1_108' title='bbox 935 2056 1054 2114; x_wconf 82' lang='lat' dir='ltr'><strong>animatia,</strong></span> <span class='ocrx_word' id='word_1_109' title='bbox 1076 2060 1101 2106; x_wconf 78' lang='lat' dir='ltr'><strong>ut</strong></span> <span class='ocrx_word' id='word_1_110' title='bbox 1124 2059 1258 2118; x_wconf 70' lang='lat' dir='ltr'><strong>persenam</strong></span> <span class='ocrx_word' id='word_1_111' title='bbox 1280 2055 1346 2116; x_wconf 81' lang='lat' dir='ltr'><strong>peri·</strong></span> 
     </span>
     <span class='ocr_line' id='line_1_18' title="bbox 247 2117 1347 2185; baseline -0.002 -16"><span class='ocrx_word' id='word_1_112' title='bbox 247 2136 310 2171; x_wconf 84' lang='lat' dir='ltr'><strong>mere</strong></span> <span class='ocrx_word' id='word_1_113' title='bbox 320 2135 397 2170; x_wconf 83' lang='lat' dir='ltr'><strong>omnes</strong></span> <span class='ocrx_word' id='word_1_114' title='bbox 406 2135 486 2170; x_wconf 76' lang='lat' dir='ltr'><strong>smnus</strong></span> <span class='ocrx_word' id='word_1_115' title='bbox 495 2121 598 2185; x_wconf 79' lang='lat' dir='ltr'><strong>corpm&#39;s</strong></span> <span class='ocrx_word' id='word_1_116' title='bbox 609 2125 633 2170; x_wconf 84' lang='lat' dir='ltr'><strong>et</strong></span> <span class='ocrx_word' id='word_1_117' title='bbox 644 2122 743 2170; x_wconf 79' lang='lat' dir='ltr'><strong>animo:</strong></span> <span class='ocrx_word' id='word_1_118' title='bbox 760 2135 858 2184; x_wconf 78' lang='lat' dir='ltr'><strong>nomque</strong></span> <span class='ocrx_word' id='word_1_119' title='bbox 866 2120 991 2182; x_wconf 80' lang='lat' dir='ltr'><strong>positiones</strong></span> <span class='ocrx_word' id='word_1_120' title='bbox 998 2134 1078 2168; x_wconf 83' lang='lat' dir='ltr'><strong>omnen</strong></span> <span class='ocrx_word' id='word_1_121' title='bbox 1086 2119 1269 2182; x_wconf 77' lang='lat' dir='ltr'><strong>primordiorum</strong></span> <span class='ocrx_word' id='word_1_122' title='bbox 1278 2117 1347 2178; x_wconf 72' lang='lat' dir='ltr'><strong>disii-</strong></span> 
     </span>
     <span class='ocr_line' id='line_1_19' title="bbox 247 2184 1348 2248; baseline -0.002 -14"><span class='ocrx_word' id='word_1_123' title='bbox 247 2185 351 2246; x_wconf 80' lang='lat' dir='ltr'><strong>ciuntur,</strong></span> <span class='ocrx_word' id='word_1_124' title='bbox 367 2191 391 2234; x_wconf 85' lang='lat' dir='ltr'><strong>et</strong></span> <span class='ocrx_word' id='word_1_125' title='bbox 401 2190 478 2234; x_wconf 89' lang='lat' dir='ltr'><strong>motus</strong></span> <span class='ocrx_word' id='word_1_126' title='bbox 487 2200 566 2234; x_wconf 86' lang='lat' dir='ltr'><strong>omnes</strong></span> <span class='ocrx_word' id='word_1_127' title='bbox 576 2187 633 2234; x_wconf 87' lang='lat' dir='ltr'><strong>oitoe</strong></span> <span class='ocrx_word' id='word_1_128' title='bbox 643 2185 736 2234; x_wconf 84' lang='lat' dir='ltr'><strong>omnino</strong></span> <span class='ocrx_word' id='word_1_129' title='bbox 747 2187 942 2246; x_wconf 67' lang='lat' dir='ltr'><strong>comprimantur,</strong></span> <span class='ocrx_word' id='word_1_130' title='bbox 959 2185 1085 2248; x_wconf 77' lang='lat' dir='ltr'><strong>usquedum</strong></span> <span class='ocrx_word' id='word_1_131' title='bbox 1094 2184 1225 2246; x_wconf 72' lang='lat' dir='ltr'><strong>primordio</strong></span> <span class='ocrx_word' id='word_1_132' title='bbox 1235 2197 1348 2245; x_wconf 74' lang='lat' dir='ltr'><strong>percum</strong></span> 
     </span>
     <span class='ocr_line' id='line_1_20' title="bbox 246 2247 1345 2316; baseline -0.004 -17"><span class='ocrx_word' id='word_1_133' title='bbox 246 2263 290 2313; x_wconf 79' lang='lat' dir='ltr'><strong>par</strong></span> <span class='ocrx_word' id='word_1_134' title='bbox 304 2255 356 2299; x_wconf 88' lang='lat' dir='ltr'><strong>tota</strong></span> <span class='ocrx_word' id='word_1_135' title='bbox 374 2250 490 2316; x_wconf 84' lang='lat' dir='ltr'><strong>corporis</strong></span> <span class='ocrx_word' id='word_1_136' title='bbox 505 2247 609 2298; x_wconf 80' lang='lat' dir='ltr'><strong>mambra</strong></span> <span class='ocrx_word' id='word_1_137' title='bbox 624 2250 744 2300; x_wconf 77' lang='lat' dir='ltr'><strong>rmotount</strong></span> <span class='ocrx_word' id='word_1_138' title='bbox 758 2263 771 2297; x_wconf 82' lang='lat' dir='ltr'><strong>a</strong></span> <span class='ocrx_word' id='word_1_139' title='bbox 786 2262 882 2312; x_wconf 82' lang='lat' dir='ltr'><strong>corpora</strong></span> <span class='ocrx_word' id='word_1_140' title='bbox 898 2247 992 2298; x_wconf 81' lang='lat' dir='ltr'><strong>ainauta</strong></span> <span class='ocrx_word' id='word_1_141' title='bbox 1010 2249 1093 2298; x_wconf 80' lang='lat' dir='ltr'><strong>uitalia</strong></span> <span class='ocrx_word' id='word_1_142' title='bbox 1109 2248 1190 2312; x_wconf 87' lang='lat' dir='ltr'><strong>ipsius</strong></span> <span class='ocrx_word' id='word_1_143' title='bbox 1210 2249 1306 2310; x_wconf 76' lang='lat' dir='ltr'><strong>anima,</strong></span> <span class='ocrx_word' id='word_1_144' title='bbox 1322 2252 1345 2295; x_wconf 79' lang='lat' dir='ltr'><strong>et</strong></span> 
     </span>
    </p>
   </div>
   <div class='ocr_carea' id='block_1_4' title="bbox 704 2373 888 2394">
    <p class='ocr_par' dir='ltr' id='par_1_5' title="bbox 704 2373 888 2394">
     <span class='ocr_line' id='line_1_21' title="bbox 704 2373 888 2394; baseline 0 0"><span class='ocrx_word' id='word_1_145' title='bbox 704 2373 888 2394; x_wconf 52' lang='lat' dir='ltr'><strong>mu*</strong></span> 
     </span>
    </p>
   </div>
   <div class='ocr_carea' id='block_1_5' title="bbox 245 2455 1347 2775">
    <p class='ocr_par' dir='ltr' id='par_1_6' title="bbox 245 2455 1347 2775">
     <span class='ocr_line' id='line_1_22' title="bbox 248 2455 1345 2522; baseline -0.002 -15"><span class='ocrx_word' id='word_1_146' title='bbox 248 2459 298 2508; x_wconf 80' lang='grc'><strong>998</strong></span> <span class='ocrx_word' id='word_1_147' title='bbox 313 2455 415 2507; x_wconf 66' lang='grc' dir='ltr'><strong>Μανία</strong></span> <span class='ocrx_word' id='word_1_148' title='bbox 425 2455 523 2518; x_wconf 68' lang='lat' dir='ltr'><strong>dirimis</strong></span> <span class='ocrx_word' id='word_1_149' title='bbox 532 2457 602 2508; x_wconf 89' lang='lat' dir='ltr'><strong>Mus.</strong></span> <span class='ocrx_word' id='word_1_150' title='bbox 614 2458 648 2508; x_wconf 85' lang='lat' dir='ltr'><strong>B.</strong></span> <span class='ocrx_word' id='word_1_151' title='bbox 659 2461 765 2508; x_wconf 77' lang='grc'><strong>1.-939</strong></span> <span class='ocrx_word' id='word_1_152' title='bbox 774 2457 920 2522; x_wconf 72' lang='lat' dir='ltr'><strong>flammaque</strong></span> <span class='ocrx_word' id='word_1_153' title='bbox 930 2459 1018 2508; x_wconf 82' lang='lat' dir='ltr'><strong>creatis</strong></span> <span class='ocrx_word' id='word_1_154' title='bbox 1027 2458 1060 2508; x_wconf 97' lang='grc' dir='ltr'><strong>Ρ.</strong></span> <span class='ocrx_word' id='word_1_155' title='bbox 1069 2463 1097 2509; x_wconf 86' lang='lat' dir='ltr'><strong>at</strong></span> <span class='ocrx_word' id='word_1_156' title='bbox 1109 2458 1178 2521; x_wconf 73' lang='lat' dir='ltr'><strong>uutg.</strong></span> <span class='ocrx_word' id='word_1_157' title='bbox 1187 2457 1247 2508; x_wconf 85' lang='lat' dir='ltr'><strong>edd.</strong></span> <span class='ocrx_word' id='word_1_158' title='bbox 1263 2462 1345 2506; x_wconf 75' lang='lat' dir='ltr'><strong>meatu</strong></span> 
     </span>
     <span class='ocr_line' id='line_1_23' title="bbox 247 2520 1347 2585; baseline -0.001 -14"><span class='ocrx_word' id='word_1_159' title='bbox 247 2520 324 2572; x_wconf 89' lang='lat' dir='ltr'><strong>Bodt.</strong></span> <span class='ocrx_word' id='word_1_160' title='bbox 336 2520 414 2572; x_wconf 84' lang='lat' dir='ltr'><strong>Voss.</strong></span> <span class='ocrx_word' id='word_1_161' title='bbox 423 2525 559 2572; x_wconf 73' lang='lat' dir='ltr'><strong>ret-94⁰</strong></span> <span class='ocrx_word' id='word_1_162' title='bbox 575 2521 727 2582; x_wconf 74' lang='lat' dir='ltr'><strong>amoenitati</strong></span> <span class='ocrx_word' id='word_1_163' title='bbox 746 2522 838 2572; x_wconf 84' lang='lat' dir='ltr'><strong>Larnb.</strong></span> <span class='ocrx_word' id='word_1_164' title='bbox 848 2523 916 2570; x_wconf 83' lang='lat' dir='ltr'><strong>Har.</strong></span> <span class='ocrx_word' id='word_1_165' title='bbox 928 2522 987 2584; x_wconf 87' lang='lat' dir='ltr'><strong>Bip.</strong></span> <span class='ocrx_word' id='word_1_166' title='bbox 999 2522 1174 2585; x_wconf 72' lang='lat' dir='ltr'><strong>napa-sar</strong></span> <span class='ocrx_word' id='word_1_167' title='bbox 1191 2521 1347 2571; x_wconf 71' lang='lat' dir='ltr'><strong>omnuim</strong></span> 
     </span>
     <span class='ocr_line' id='line_1_24' title="bbox 247 2585 1345 2650; baseline 0 -16"><span class='ocrx_word' id='word_1_168' title='bbox 247 2587 318 2648; x_wconf 75' lang='lat' dir='ltr'><strong>vulg.</strong></span> <span class='ocrx_word' id='word_1_169' title='bbox 346 2587 511 2636; x_wconf 76' lang='lat' dir='ltr'><strong>eonomiuntar</strong></span> <span class='ocrx_word' id='word_1_170' title='bbox 529 2587 627 2650; x_wconf 84' lang='lat' dir='ltr'><strong>Datptr.</strong></span> <span class='ocrx_word' id='word_1_171' title='bbox 656 2585 819 2636; x_wconf 63' lang='lat' dir='ltr'><strong>antonimus</strong></span> <span class='ocrx_word' id='word_1_172' title='bbox 841 2585 999 2636; x_wconf 71' lang='lat' dir='ltr'><strong>noda-sas</strong></span> <span class='ocrx_word' id='word_1_173' title='bbox 1016 2587 1120 2636; x_wconf 81' lang='lat' dir='ltr'><strong>Amensu</strong></span> <span class='ocrx_word' id='word_1_174' title='bbox 1146 2587 1178 2635; x_wconf 88' lang='grc' dir='ltr'><strong>Ρ.</strong></span> <span class='ocrx_word' id='word_1_175' title='bbox 1198 2587 1345 2634; x_wconf 74' lang='lat' dir='ltr'><strong>animantum</strong></span> 
     </span>
     <span class='ocr_line' id='line_1_25' title="bbox 245 2649 1344 2715; baseline -0.002 -14"><span class='ocrx_word' id='word_1_176' title='bbox 245 2651 279 2701; x_wconf 86' lang='lat' dir='ltr'><strong>P.</strong></span> <span class='ocrx_word' id='word_1_177' title='bbox 291 2651 325 2700; x_wconf 84' lang='lat' dir='ltr'><strong>V.</strong></span> <span class='ocrx_word' id='word_1_178' title='bbox 336 2650 379 2700; x_wconf 83' lang='lat' dir='ltr'><strong>ad.</strong></span> <span class='ocrx_word' id='word_1_179' title='bbox 395 2651 539 2700; x_wconf 79' lang='lat' dir='ltr'><strong>animantem</strong></span> <span class='ocrx_word' id='word_1_180' title='bbox 550 2650 731 2715; x_wconf 76' lang='lat' dir='ltr'><strong>reliqui-tit</strong></span> <span class='ocrx_word' id='word_1_181' title='bbox 749 2651 851 2713; x_wconf 80' lang='lat' dir='ltr'><strong>quemuis</strong></span> <span class='ocrx_word' id='word_1_182' title='bbox 861 2650 893 2699; x_wconf 84' lang='lat' dir='ltr'><strong>P.</strong></span> <span class='ocrx_word' id='word_1_183' title='bbox 902 2649 1061 2699; x_wconf 74' lang='lat' dir='ltr'><strong>noda-sar</strong></span> <span class='ocrx_word' id='word_1_184' title='bbox 1071 2649 1239 2712; x_wconf 62' lang='lat' dir='ltr'><strong>inpediuntur</strong></span> <span class='ocrx_word' id='word_1_185' title='bbox 1249 2649 1344 2714; x_wconf 84' lang='lat' dir='ltr'><strong>Dstph.</strong></span> 
     </span>
     <span class='ocr_line' id='line_1_26' title="bbox 247 2713 1343 2775; baseline 0.001 -9"><span class='ocrx_word' id='word_1_186' title='bbox 247 2719 330 2766; x_wconf 84' lang='lat' dir='ltr'><strong>-sts</strong></span> <span class='ocrx_word' id='word_1_187' title='bbox 346 2715 441 2775; x_wconf 80' lang='lat' dir='ltr'><strong>amsusa</strong></span> <span class='ocrx_word' id='word_1_188' title='bbox 452 2716 522 2766; x_wconf 86' lang='lat' dir='ltr'><strong>Mus.</strong></span> <span class='ocrx_word' id='word_1_189' title='bbox 537 2715 569 2765; x_wconf 88' lang='lat' dir='ltr'><strong>B.</strong></span> <span class='ocrx_word' id='word_1_190' title='bbox 580 2717 689 2765; x_wconf 77' lang='grc'><strong>9.-949</strong></span> <span class='ocrx_word' id='word_1_191' title='bbox 704 2715 776 2763; x_wconf 81' lang='lat' dir='ltr'><strong>nodas</strong></span> <span class='ocrx_word' id='word_1_192' title='bbox 792 2729 807 2762; x_wconf 93' lang='lat' dir='ltr'><strong>a</strong></span> <span class='ocrx_word' id='word_1_193' title='bbox 824 2715 902 2764; x_wconf 84' lang='lat' dir='ltr'><strong>Voss.</strong></span> <span class='ocrx_word' id='word_1_194' title='bbox 924 2721 976 2764; x_wconf 81' lang='lat' dir='ltr'><strong>nst.</strong></span> <span class='ocrx_word' id='word_1_195' title='bbox 988 2713 1068 2765; x_wconf 85' lang='lat' dir='ltr'><strong>vind.</strong></span> <span class='ocrx_word' id='word_1_196' title='bbox 1086 2713 1119 2766; x_wconf 75' lang='lat' dir='ltr'><strong>t&#39;r.</strong></span> <span class='ocrx_word' id='word_1_197' title='bbox 1139 2714 1216 2767; x_wconf 83' lang='lat' dir='ltr'><strong>Cant.</strong></span> <span class='ocrx_word' id='word_1_198' title='bbox 1234 2714 1295 2765; x_wconf 83' lang='lat' dir='ltr'><strong>Bas.</strong></span> <span class='ocrx_word' id='word_1_199' title='bbox 1311 2715 1343 2768; x_wconf 79' lang='lat' dir='ltr'><strong>V.</strong></span> 
     </span>
    </p>
   </div>
   <div class='ocr_carea' id='block_1_6' title="bbox 742 2840 848 2893">
    <p class='ocr_par' dir='ltr' id='par_1_7' title="bbox 742 2840 848 2893">
     <span class='ocr_line' id='line_1_27' title="bbox 742 2840 848 2893; baseline 0.009 -1"><span class='ocrx_word' id='word_1_200' title='bbox 742 2840 848 2893; x_wconf 77' lang='lat' dir='ltr'>NOTAE</span> 
     </span>
    </p>
   </div>
   <div class='ocr_carea' id='block_1_7' title="bbox 241 2952 1346 4236">
    <p class='ocr_par' dir='ltr' id='par_1_8' title="bbox 278 2952 1344 3020">
     <span class='ocr_line' id='line_1_28' title="bbox 278 2952 1344 3020; baseline 0 -14"><span class='ocrx_word' id='word_1_201' title='bbox 278 2958 328 3006; x_wconf 77' lang='grc'><strong>998</strong></span> <span class='ocrx_word' id='word_1_202' title='bbox 346 2952 473 3016; x_wconf 68' lang='lat' dir='ltr'><strong>timemus]</strong></span> <span class='ocrx_word' id='word_1_203' title='bbox 489 2953 645 3018; x_wconf 84' lang='lat' dir='ltr'><strong>Primordia,</strong></span> <span class='ocrx_word' id='word_1_204' title='bbox 653 2955 742 3004; x_wconf 85' lang='lat' dir='ltr'><strong>atomi.</strong></span> <span class='ocrx_word' id='word_1_205' title='bbox 815 2954 866 3020; x_wconf 61' lang='lat' dir='ltr'><strong>qa]</strong></span> <span class='ocrx_word' id='word_1_206' title='bbox 884 2955 933 3006; x_wconf 81' lang='lat' dir='ltr'><strong>His</strong></span> <span class='ocrx_word' id='word_1_207' title='bbox 945 2961 985 3007; x_wconf 85' lang='grc'><strong>19.</strong></span> <span class='ocrx_word' id='word_1_208' title='bbox 1000 2971 1051 3007; x_wconf 83' lang='lat' dir='ltr'><strong>sss.</strong></span> <span class='ocrx_word' id='word_1_209' title='bbox 1068 2957 1129 3008; x_wconf 83' lang='lat' dir='ltr'><strong>nihil</strong></span> <span class='ocrx_word' id='word_1_210' title='bbox 1141 2957 1210 3008; x_wconf 85' lang='lat' dir='ltr'><strong>aliud</strong></span> <span class='ocrx_word' id='word_1_211' title='bbox 1222 2957 1248 3006; x_wconf 87' lang='lat' dir='ltr'><strong>ia</strong></span> <span class='ocrx_word' id='word_1_212' title='bbox 1259 2956 1344 3008; x_wconf 87' lang='lat' dir='ltr'><strong>anima</strong></span> 
     </span>
    </p>

    <p class='ocr_par' dir='ltr' id='par_1_9' title="bbox 244 3029 1345 3313">
     <span class='ocr_line' id='line_1_29' title="bbox 278 3029 1345 3096; baseline 0 -16"><span class='ocrx_word' id='word_1_213' title='bbox 278 3033 328 3080; x_wconf 79' lang='grc'><strong>999</strong></span> <span class='ocrx_word' id='word_1_214' title='bbox 345 3029 565 3094; x_wconf 76' lang='lat' dir='ltr'><strong>Terraquueraatia]</strong></span> <span class='ocrx_word' id='word_1_215' title='bbox 580 3029 603 3078; x_wconf 93' lang='lat'><strong>1.</strong></span> <span class='ocrx_word' id='word_1_216' title='bbox 611 3044 635 3079; x_wconf 82' lang='lat' dir='ltr'><strong>a.</strong></span> <span class='ocrx_word' id='word_1_217' title='bbox 651 3029 678 3077; x_wconf 89' lang='lat' dir='ltr'><strong>in</strong></span> <span class='ocrx_word' id='word_1_218' title='bbox 689 3030 776 3091; x_wconf 78' lang='lat' dir='ltr'><strong>rebus,</strong></span> <span class='ocrx_word' id='word_1_219' title='bbox 815 3031 997 3096; x_wconf 75' lang='lat' dir='ltr'><strong>trabatPoita,</strong></span> <span class='ocrx_word' id='word_1_220' title='bbox 1013 3047 1088 3096; x_wconf 83' lang='lat' dir='ltr'><strong>quum</strong></span> <span class='ocrx_word' id='word_1_221' title='bbox 1107 3039 1136 3083; x_wconf 86' lang='lat' dir='ltr'><strong>ut</strong></span> <span class='ocrx_word' id='word_1_222' title='bbox 1153 3033 1266 3096; x_wconf 79' lang='lat' dir='ltr'><strong>evincat,</strong></span> <span class='ocrx_word' id='word_1_223' title='bbox 1282 3046 1345 3082; x_wconf 87' lang='lat' dir='ltr'><strong>aon-</strong></span> 
     </span>
     <span class='ocr_line' id='line_1_30' title="bbox 246 3103 1345 3173; baseline 0.001 -16"><span class='ocrx_word' id='word_1_224' title='bbox 246 3121 305 3173; x_wconf 72' lang='lat' dir='ltr'><strong>qun</strong></span> <span class='ocrx_word' id='word_1_225' title='bbox 327 3110 389 3155; x_wconf 85' lang='lat' dir='ltr'><strong>suut</strong></span> <span class='ocrx_word' id='word_1_226' title='bbox 407 3103 436 3154; x_wconf 89' lang='lat' dir='ltr'><strong>io</strong></span> <span class='ocrx_word' id='word_1_227' title='bbox 455 3111 533 3154; x_wconf 82' lang='lat' dir='ltr'><strong>tarra.</strong></span> <span class='ocrx_word' id='word_1_228' title='bbox 581 3104 645 3167; x_wconf 84' lang='lat' dir='ltr'><strong>Atii,</strong></span> <span class='ocrx_word' id='word_1_229' title='bbox 667 3110 776 3169; x_wconf 76' lang='lat' dir='ltr'><strong>terraque</strong></span> <span class='ocrx_word' id='word_1_230' title='bbox 816 3109 866 3157; x_wconf 90' lang='lat' dir='ltr'><strong>nisi</strong></span> <span class='ocrx_word' id='word_1_231' title='bbox 883 3107 1345 3172; x_wconf 77' lang='lat' dir='ltr'><strong>postatoruorumconaiiiutaor,tisri</strong></span> 
     </span>
     <span class='ocr_line' id='line_1_31' title="bbox 245 3181 1344 3249; baseline 0 -15"><span class='ocrx_word' id='word_1_232' title='bbox 245 3189 338 3246; x_wconf 78' lang='lat' dir='ltr'><strong>oruata,</strong></span> <span class='ocrx_word' id='word_1_233' title='bbox 352 3182 412 3234; x_wconf 61' lang='lat' dir='ltr'><strong>ms.</strong></span> <span class='ocrx_word' id='word_1_234' title='bbox 429 3189 672 3232; x_wconf 74' lang='lat' dir='ltr'><strong>remanseranturs.</strong></span> <span class='ocrx_word' id='word_1_235' title='bbox 700 3181 776 3232; x_wconf 81' lang='lat' dir='ltr'><strong>Idem</strong></span> <span class='ocrx_word' id='word_1_236' title='bbox 817 3183 1344 3249; x_wconf 78' lang='lat' dir='ltr'><strong>sensuminanimantibua,aumudaurum</strong></span> 
     </span>
     <span class='ocr_line' id='line_1_32' title="bbox 244 3257 1345 3313; baseline -0.005 0"><span class='ocrx_word' id='word_1_237' title='bbox 244 3274 344 3313; x_wconf 82' lang='lat' dir='ltr'><strong>sensus.</strong></span> <span class='ocrx_word' id='word_1_238' title='bbox 816 3257 1345 3312; x_wconf 74' lang='lat' dir='ltr'><strong>dissolutionamsuuausamoisinanimun·</strong></span> 
     </span>
    </p>

    <p class='ocr_par' dir='ltr' id='par_1_10' title="bbox 244 3333 1346 3782">
     <span class='ocr_line' id='line_1_33' title="bbox 272 3333 1344 3400; baseline -0.003 -12"><span class='ocrx_word' id='word_1_239' title='bbox 272 3337 408 3389; x_wconf 78' lang='grc' dir='ltr'><strong>941οω</strong></span> <span class='ocrx_word' id='word_1_240' title='bbox 423 3339 516 3386; x_wconf 81' lang='lat' dir='ltr'><strong>tuantur</strong></span> <span class='ocrx_word' id='word_1_241' title='bbox 523 3333 708 3397; x_wconf 73' lang='lat' dir='ltr'><strong>[conuenienter]</strong></span> <span class='ocrx_word' id='word_1_242' title='bbox 721 3333 776 3398; x_wconf 78' lang='lat' dir='ltr'><strong>Ap·</strong></span> <span class='ocrx_word' id='word_1_243' title='bbox 818 3335 887 3384; x_wconf 80' lang='lat' dir='ltr'><strong>tibus</strong></span> <span class='ocrx_word' id='word_1_244' title='bbox 896 3333 1070 3388; x_wconf 78' lang='lat' dir='ltr'><strong>labefactatur</strong></span> <span class='ocrx_word' id='word_1_245' title='bbox 1082 3343 1110 3386; x_wconf 83' lang='lat' dir='ltr'><strong>st</strong></span> <span class='ocrx_word' id='word_1_246' title='bbox 1122 3345 1221 3399; x_wconf 77' lang='lat' dir='ltr'><strong>pareat.</strong></span> <span class='ocrx_word' id='word_1_247' title='bbox 1239 3337 1344 3400; x_wconf 77' lang='lat' dir='ltr'><strong>Quippe</strong></span> 
     </span>
     <span class='ocr_line' id='line_1_34' title="bbox 249 3409 1344 3478; baseline -0.002 -14"><span class='ocrx_word' id='word_1_248' title='bbox 249 3421 286 3477; x_wconf 83' lang='lat' dir='ltr'><strong>ta,</strong></span> <span class='ocrx_word' id='word_1_249' title='bbox 305 3410 408 3461; x_wconf 80' lang='lat' dir='ltr'><strong>idonea.</strong></span> <span class='ocrx_word' id='word_1_250' title='bbox 445 3410 498 3460; x_wconf 79' lang='lat' dir='ltr'><strong>Atii</strong></span> <span class='ocrx_word' id='word_1_251' title='bbox 516 3410 681 3469; x_wconf 70' lang='lat' dir='ltr'><strong>omnituentes,</strong></span> <span class='ocrx_word' id='word_1_252' title='bbox 702 3410 776 3473; x_wconf 85' lang='lat' dir='ltr'><strong>quasi</strong></span> <span class='ocrx_word' id='word_1_253' title='bbox 816 3409 950 3477; x_wconf 84' lang='lat' dir='ltr'><strong>ubimajor</strong></span> <span class='ocrx_word' id='word_1_254' title='bbox 962 3414 1039 3478; x_wconf 76' lang='lat' dir='ltr'><strong>plaga</strong></span> <span class='ocrx_word' id='word_1_255' title='bbox 1050 3413 1165 3476; x_wconf 82' lang='lat' dir='ltr'><strong>aduenit,</strong></span> <span class='ocrx_word' id='word_1_256' title='bbox 1180 3421 1288 3478; x_wconf 76' lang='lat' dir='ltr'><strong>repente</strong></span> <span class='ocrx_word' id='word_1_257' title='bbox 1305 3413 1344 3462; x_wconf 84' lang='lat' dir='ltr'><strong>ui·</strong></span> 
     </span>
     <span class='ocr_line' id='line_1_35' title="bbox 246 3483 1344 3552; baseline -0.001 -13"><span class='ocrx_word' id='word_1_258' title='bbox 246 3486 484 3545; x_wconf 73' lang='lat' dir='ltr'><strong>anniuersarias,</strong></span> <span class='ocrx_word' id='word_1_259' title='bbox 491 3484 558 3536; x_wconf 85' lang='lat' dir='ltr'><strong>siout</strong></span> <span class='ocrx_word' id='word_1_260' title='bbox 574 3483 669 3532; x_wconf 87' lang='lat' dir='ltr'><strong>dicitur</strong></span> <span class='ocrx_word' id='word_1_261' title='bbox 680 3484 774 3547; x_wconf 84' lang='lat' dir='ltr'><strong>passim</strong></span> <span class='ocrx_word' id='word_1_262' title='bbox 814 3485 890 3552; x_wconf 75' lang='lat' dir='ltr'><strong>tiigit,</strong></span> <span class='ocrx_word' id='word_1_263' title='bbox 900 3495 928 3538; x_wconf 84' lang='lat' dir='ltr'><strong>et</strong></span> <span class='ocrx_word' id='word_1_264' title='bbox 939 3488 1065 3540; x_wconf 80' lang='lat' dir='ltr'><strong>interimit</strong></span> <span class='ocrx_word' id='word_1_265' title='bbox 1076 3496 1145 3540; x_wconf 86' lang='lat' dir='ltr'><strong>totos</strong></span> <span class='ocrx_word' id='word_1_266' title='bbox 1154 3503 1243 3540; x_wconf 79' lang='lat' dir='ltr'><strong>sensus</strong></span> <span class='ocrx_word' id='word_1_267' title='bbox 1254 3491 1280 3539; x_wconf 85' lang='lat' dir='ltr'><strong>iu</strong></span> <span class='ocrx_word' id='word_1_268' title='bbox 1290 3489 1344 3540; x_wconf 88' lang='lat' dir='ltr'><strong>unt·</strong></span> 
     </span>
     <span class='ocr_line' id='line_1_36' title="bbox 249 3559 1342 3628; baseline -0.003 -13"><span class='ocrx_word' id='word_1_269' title='bbox 249 3573 321 3615; x_wconf 85' lang='lat' dir='ltr'><strong>tarra</strong></span> <span class='ocrx_word' id='word_1_270' title='bbox 330 3559 509 3624; x_wconf 81' lang='lat' dir='ltr'><strong>omniparens:</strong></span> <span class='ocrx_word' id='word_1_271' title='bbox 518 3573 599 3622; x_wconf 81' lang='lat' dir='ltr'><strong>capra</strong></span> <span class='ocrx_word' id='word_1_272' title='bbox 609 3559 774 3626; x_wconf 79' lang='lat' dir='ltr'><strong>onrnirnrpa:</strong></span> <span class='ocrx_word' id='word_1_273' title='bbox 814 3568 911 3613; x_wconf 81' lang='lat' dir='ltr'><strong>manta.</strong></span> <span class='ocrx_word' id='word_1_274' title='bbox 944 3564 1027 3628; x_wconf 75' lang='lat' dir='ltr'><strong>Plaga</strong></span> <span class='ocrx_word' id='word_1_275' title='bbox 1039 3572 1127 3615; x_wconf 81' lang='lat' dir='ltr'><strong>autem</strong></span> <span class='ocrx_word' id='word_1_276' title='bbox 1138 3580 1184 3616; x_wconf 81' lang='lat' dir='ltr'><strong>seu</strong></span> <span class='ocrx_word' id='word_1_277' title='bbox 1195 3565 1265 3618; x_wconf 83' lang='lat' dir='ltr'><strong>ictus</strong></span> <span class='ocrx_word' id='word_1_278' title='bbox 1280 3563 1342 3615; x_wconf 87' lang='lat' dir='ltr'><strong>uitrit</strong></span> 
     </span>
     <span class='ocr_line' id='line_1_37' title="bbox 245 3635 1346 3705; baseline -0.001 -17"><span class='ocrx_word' id='word_1_279' title='bbox 245 3637 310 3690; x_wconf 71' lang='lat' dir='ltr'><strong>issu</strong></span> <span class='ocrx_word' id='word_1_280' title='bbox 321 3635 487 3700; x_wconf 71' lang='lat' dir='ltr'><strong>montiuagis,</strong></span> <span class='ocrx_word' id='word_1_281' title='bbox 503 3637 551 3686; x_wconf 78' lang='lat' dir='ltr'><strong>&amp;a</strong></span> <span class='ocrx_word' id='word_1_282' title='bbox 570 3635 657 3685; x_wconf 88' lang='lat' dir='ltr'><strong>minus</strong></span> <span class='ocrx_word' id='word_1_283' title='bbox 669 3635 775 3688; x_wconf 85' lang='lat' dir='ltr'><strong>tundata</strong></span> <span class='ocrx_word' id='word_1_284' title='bbox 814 3638 884 3688; x_wconf 86' lang='lat' dir='ltr'><strong>atiud</strong></span> <span class='ocrx_word' id='word_1_285' title='bbox 894 3637 922 3687; x_wconf 88' lang='lat' dir='ltr'><strong>tu</strong></span> <span class='ocrx_word' id='word_1_286' title='bbox 933 3639 1063 3689; x_wconf 82' lang='lat' dir='ltr'><strong>animante</strong></span> <span class='ocrx_word' id='word_1_287' title='bbox 1075 3641 1140 3703; x_wconf 69' lang='lat' dir='ltr'><strong>agit,</strong></span> <span class='ocrx_word' id='word_1_288' title='bbox 1150 3655 1227 3705; x_wconf 85' lang='lat' dir='ltr'><strong>quam</strong></span> <span class='ocrx_word' id='word_1_289' title='bbox 1244 3647 1273 3692; x_wconf 86' lang='lat' dir='ltr'><strong>nt</strong></span> <span class='ocrx_word' id='word_1_290' title='bbox 1289 3645 1346 3689; x_wconf 87' lang='lat' dir='ltr'><strong>ato·</strong></span> 
     </span>
     <span class='ocr_line' id='line_1_38' title="bbox 244 3713 1344 3782; baseline 0 -17"><span class='ocrx_word' id='word_1_291' title='bbox 244 3714 333 3766; x_wconf 80' lang='lat' dir='ltr'><strong>teatio.</strong></span> <span class='ocrx_word' id='word_1_292' title='bbox 813 3713 1013 3764; x_wconf 84' lang='lat' dir='ltr'><strong>mosdissolrat.</strong></span> <span class='ocrx_word' id='word_1_293' title='bbox 1045 3715 1344 3782; x_wconf 75' lang='lat' dir='ltr'><strong>Dissolutioigitnruto-</strong></span> 
     </span>
    </p>

    <p class='ocr_par' dir='ltr' id='par_1_11' title="bbox 241 3786 1345 4156">
     <span class='ocr_line' id='line_1_39' title="bbox 278 3786 1343 3855; baseline 0.002 -15"><span class='ocrx_word' id='word_1_294' title='bbox 278 3793 327 3840; x_wconf 81' lang='lat' dir='ltr'><strong>ssu</strong></span> <span class='ocrx_word' id='word_1_295' title='bbox 342 3787 457 3838; x_wconf 76' lang='lat' dir='ltr'><strong>Adcmsei</strong></span> <span class='ocrx_word' id='word_1_296' title='bbox 474 3787 565 3851; x_wconf 73' lang='lat' dir='ltr'><strong>smus]</strong></span> <span class='ocrx_word' id='word_1_297' title='bbox 586 3786 609 3838; x_wconf 87' lang='lat'><strong>1.</strong></span> <span class='ocrx_word' id='word_1_298' title='bbox 620 3801 645 3838; x_wconf 82' lang='lat' dir='ltr'><strong>e.</strong></span> <span class='ocrx_word' id='word_1_299' title='bbox 666 3789 773 3839; x_wconf 81' lang='lat' dir='ltr'><strong>animati</strong></span> <span class='ocrx_word' id='word_1_300' title='bbox 812 3804 912 3840; x_wconf 84' lang='lat' dir='ltr'><strong>mamm</strong></span> <span class='ocrx_word' id='word_1_301' title='bbox 922 3791 1223 3844; x_wconf 81' lang='lat' dir='ltr'><strong>turariruaenaeomum.</strong></span> <span class='ocrx_word' id='word_1_302' title='bbox 1234 3794 1273 3844; x_wconf 81' lang='lat' dir='ltr'><strong>Ac</strong></span> <span class='ocrx_word' id='word_1_303' title='bbox 1283 3807 1343 3855; x_wconf 90' lang='lat' dir='ltr'><strong>pro·</strong></span> 
     </span>
     <span class='ocr_line' id='line_1_40' title="bbox 245 3862 1344 3932; baseline 0.002 -18"><span class='ocrx_word' id='word_1_304' title='bbox 245 3877 343 3914; x_wconf 73' lang='lat' dir='ltr'><strong>masur.</strong></span> <span class='ocrx_word' id='word_1_305' title='bbox 375 3862 530 3924; x_wconf 82' lang='lat' dir='ltr'><strong>Mstaptroru</strong></span> <span class='ocrx_word' id='word_1_306' title='bbox 552 3863 632 3914; x_wconf 84' lang='lat' dir='ltr'><strong>ducta</strong></span> <span class='ocrx_word' id='word_1_307' title='bbox 652 3863 686 3914; x_wconf 84' lang='lat' dir='ltr'><strong>ab</strong></span> <span class='ocrx_word' id='word_1_308' title='bbox 713 3865 774 3929; x_wconf 70' lang='lat' dir='ltr'><strong>ipos</strong></span> <span class='ocrx_word' id='word_1_309' title='bbox 813 3865 1344 3932; x_wconf 60' lang='lat' dir='ltr'><strong>iodeacontrariis,utaianuaonoitistos</strong></span> 
     </span>
     <span class='ocr_line' id='line_1_41' title="bbox 241 3937 1292 4004; baseline 0.006 -16"><span class='ocrx_word' id='word_1_310' title='bbox 241 3940 322 4004; x_wconf 82' lang='lat' dir='ltr'><strong>justa</strong></span> <span class='ocrx_word' id='word_1_311' title='bbox 339 3937 456 3989; x_wconf 84' lang='lat' dir='ltr'><strong>Plutonis</strong></span> <span class='ocrx_word' id='word_1_312' title='bbox 472 3945 594 4000; x_wconf 82' lang='lat' dir='ltr'><strong>mautarn,</strong></span> <span class='ocrx_word' id='word_1_313' title='bbox 611 3940 655 4004; x_wconf 86' lang='lat' dir='ltr'><strong>qui</strong></span> <span class='ocrx_word' id='word_1_314' title='bbox 671 3941 774 3990; x_wconf 81' lang='lat' dir='ltr'><strong>csmuit</strong></span> <span class='ocrx_word' id='word_1_315' title='bbox 814 3947 956 3990; x_wconf 85' lang='lat' dir='ltr'><strong>atomorum</strong></span> <span class='ocrx_word' id='word_1_316' title='bbox 968 3943 1104 4004; x_wconf 78' lang='lat' dir='ltr'><strong>generatio</strong></span> <span class='ocrx_word' id='word_1_317' title='bbox 1115 3950 1155 3993; x_wconf 79' lang='lat' dir='ltr'><strong>ast</strong></span> <span class='ocrx_word' id='word_1_318' title='bbox 1165 3957 1292 3994; x_wconf 77' lang='lat' dir='ltr'><strong>sensuam.</strong></span> 
     </span>
     <span class='ocr_line' id='line_1_42' title="bbox 245 4013 1345 4084; baseline 0.005 -18"><span class='ocrx_word' id='word_1_319' title='bbox 245 4013 518 4075; x_wconf 66' lang='lat' dir='ltr'><strong>animumanimum.</strong></span> <span class='ocrx_word' id='word_1_320' title='bbox 551 4014 773 4082; x_wconf 79' lang='lat' dir='ltr'><strong>Sicatismtoqui·</strong></span> <span class='ocrx_word' id='word_1_321' title='bbox 845 4019 893 4066; x_wconf 79' lang='grc'><strong>949</strong></span> <span class='ocrx_word' id='word_1_322' title='bbox 912 4016 1345 4084; x_wconf 68' lang='grc' dir='ltr'><strong>οοιιίιιιιάιιι]11ιῑοιὶιιιοιο,οιιίιι·</strong></span> 
     </span>
     <span class='ocr_line' id='line_1_43' title="bbox 245 4089 1036 4156; baseline 0.001 -14"><span class='ocrx_word' id='word_1_323' title='bbox 245 4098 288 4142; x_wconf 86' lang='lat' dir='ltr'><strong>tur</strong></span> <span class='ocrx_word' id='word_1_324' title='bbox 299 4089 378 4154; x_wconf 79' lang='lat' dir='ltr'><strong>potita</strong></span> <span class='ocrx_word' id='word_1_325' title='bbox 394 4103 430 4138; x_wconf 82' lang='lat' dir='ltr'><strong>rs.</strong></span> <span class='ocrx_word' id='word_1_326' title='bbox 441 4093 498 4143; x_wconf 78' lang='lat' dir='ltr'><strong>titt·</strong></span> <span class='ocrx_word' id='word_1_327' title='bbox 507 4095 536 4138; x_wconf 82' lang='lat' dir='ltr'><strong>et</strong></span> <span class='ocrx_word' id='word_1_328' title='bbox 546 4103 590 4142; x_wconf 92' lang='grc' dir='ltr'><strong>ιιι.</strong></span> <span class='ocrx_word' id='word_1_329' title='bbox 606 4095 664 4143; x_wconf 76' lang='lat' dir='ltr'><strong>itt.</strong></span> <span class='ocrx_word' id='word_1_330' title='bbox 815 4107 904 4156; x_wconf 74' lang='lat' dir='ltr'><strong>guare,</strong></span> <span class='ocrx_word' id='word_1_331' title='bbox 918 4093 1036 4156; x_wconf 79' lang='lat' dir='ltr'><strong>pardem.</strong></span> 
     </span>
    </p>

    <p class='ocr_par' dir='ltr' id='par_1_12' title="bbox 277 4166 1140 4236">
     <span class='ocr_line' id='line_1_44' title="bbox 277 4166 1140 4236; baseline 0.007 -17"><span class='ocrx_word' id='word_1_332' title='bbox 277 4170 326 4219; x_wconf 83' lang='lat' dir='ltr'><strong>sas</strong></span> <span class='ocrx_word' id='word_1_333' title='bbox 343 4166 474 4228; x_wconf 66' lang='lat' dir='ltr'><strong>Pratum,</strong></span> <span class='ocrx_word' id='word_1_334' title='bbox 489 4181 559 4230; x_wconf 86' lang='lat' dir='ltr'><strong>quam</strong></span> <span class='ocrx_word' id='word_1_335' title='bbox 574 4167 612 4216; x_wconf 84' lang='lat' dir='ltr'><strong>nis</strong></span> <span class='ocrx_word' id='word_1_336' title='bbox 622 4168 773 4232; x_wconf 66' lang='lat' dir='ltr'><strong>animantum</strong></span> <span class='ocrx_word' id='word_1_337' title='bbox 845 4170 895 4222; x_wconf 79' lang='lat' dir='ltr'><strong>uss</strong></span> <span class='ocrx_word' id='word_1_338' title='bbox 906 4169 1032 4236; x_wconf 79' lang='lat' dir='ltr'><strong>Mutarim]</strong></span> <span class='ocrx_word' id='word_1_339' title='bbox 1043 4169 1140 4225; x_wconf 75' lang='lat' dir='ltr'><strong>troni.</strong></span> 
     </span>
    </p>
   </div>
   <div class='ocr_carea' id='block_1_8' title="bbox 0 0 1551 4886">
    <p class='ocr_par' dir='ltr' id='par_1_13' title="bbox 0 0 1551 4886">
     <span class='ocr_line' id='line_1_45' title="bbox 0 0 1551 4886; baseline 0 0"><span class='ocrx_word' id='word_1_340' title='bbox 0 0 1551 4886; x_wconf 95' lang='lat' dir='ltr'><strong> </strong></span> 
     </span>
    </p>
   </div>
  </div>
 </body>
</html>
