3038 4864
525 365 575 416 nn
599 364 688 413 vrrs
714 361 908 412 nucuemr.
1221 345 1264 412 81

168 507 315 576 Lucretii
339 507 540 593 Tricipitini,
563 507 719 584 Triones,
738 503 871 583 Ofellus,
899 501 1129 590 vespillones,
1159 505 1265 574 Gelli.

171 609 275 692 Quod
303 605 383 679 vero
419 610 462 676 ad
498 629 684 694 cognomen
699 609 828 687 attinet,
854 609 985 674 temetsi
1013 609 1121 674 rarius
1135 609 1268 676 inFas·

171 718 218 780 tis
248 723 282 780 et
317 714 443 782 ceteris
468 715 691 780 monumentis
732 720 935 798 compareat,
964 711 1157 780 Romanum
1191 731 1268 778 esse

171 824 283 882 tamen
305 824 341 882 et
368 835 412 882 ex
435 816 551 901 elegiis
573 816 740 880 nonnullis
755 816 795 880 P.
812 815 928 882 Ovidii
957 823 993 882 et
1019 817 1268 901 epigrammatis

174 919 225 986 M.
255 919 386 985 Valerii
408 917 575 984 Martialis
598 917 779 1000 intelligere
810 919 899 984 licet.
943 917 1010 982 Sed
1035 917 1193 984 credibile
1204 926 1269 996 est,

172 1021 275 1107 hujus
308 1023 446 1088 familie
469 1021 656 1100 Lucretius,
679 1022 824 1104 equestri
847 1021 962 1088 ordino
993 1025 1179 1100 contentos,
1207 1041 1271 1106 po·
1305 1027 1308 1036 '
1353 1083 1357 1096 ,

177 1125 251 1209 puli
277 1123 421 1190 honores
450 1143 518 1189 non
540 1141 742 1205 magnopere
756 1122 951 1204 expetisse:
972 1123 1062 1207 quod
1091 1143 1190 1190 nemo
1210 1123 1273 1188 mi·

175 1227 317 1305 rabitur,
341 1228 400 1311 qui
424 1226 550 1308 legerit,
586 1224 625 1290 C.
650 1223 871 1289 Maecenatem
893 1217 1109 1308 Vipsanium,
1132 1245 1207 1292 cnm
1236 1233 1273 1292 et

177 1325 308 1395 Caesari
330 1327 490 1412 Augusto
514 1335 550 1392 et
573 1327 623 1392 M.
646 1325 809 1412 Agrippae
836 1327 1041 1404 carissimus,
1062 1333 1162 1412 atque
1185 1326 1273 1393 adeo

176 1429 315 1496 intimus
331 1439 431 1511 esset,
446 1431 589 1515 ideoque
602 1429 830 1514 amplissimos
853 1428 993 1494 honores
1018 1449 1151 1514 capere,
1170 1439 1274 1514 atque

178 1533 223 1598 ad
248 1533 450 1600 senatbrium
475 1533 621 1599 ordinem
647 1533 819 1617 pervenire
843 1541 970 1616 posset,
1001 1540 1143 1616 angusto
1175 1531 1274 1599 clave

178 1639 291 1700 tamen
314 1641 506 1702 contentum
522 1634 645 1706 luisse.
689 1634 784 1699 hicet
808 1634 908 1700 etium
937 1634 1058 1714 dicere,
1087 1633 1275 1702 Lucretium

179 1742 327 1822 nostrum
342 1759 361 1804 a
375 1736 609 1822 vespillonum
634 1745 693 1802 aut
708 1736 892 1804 Ofellamm
910 1737 1037 1804 familia
1058 1737 1173 1815 fuisse,
1194 1737 1276 1803 duo-
1397 1769 1401 1778 ·

182 1860 249 1924 que
272 1841 473 1924 cognomina
499 1841 671 1917 babuisse,
687 1839 819 1906 eumad
835 1859 1008 1906 commune
1022 1839 1125 1906 totius
1139 1838 1276 1910 samnia
1365 1840 1367 1848 ’

182 1961 375 2028 cognomen,
398 1951 457 2008 aut
479 1941 685 2027 Vespillonis
707 1950 768 2007 aut
790 1941 923 2021 Ofellae,
936 1961 1118 2026 cognomen
1131 1941 1278 2008 Cariac-

184 2045 359 2123 ceseisset,
375 2043 428 2108 vel
440 2049 575 2128 propter
589 2044 710 2126 ingenii
723 2045 981 2126 magnitudinem
995 2055 1028 2111 et
1040 2043 1278 2129 praestantiam,

184 2148 239 2212 uel
253 2155 391 2232 propter
414 2166 544 2212 morum
565 2148 768 2213 suavitatem
793 2154 826 2214 et
851 2148 1049 2226 comitatem,
1073 2147 1129 2212 vel
1142 2153 1280 2232 propter
1410 2127 1418 2138 ⁸

185 2249 313 2335 aliquid
336 2249 413 2314 tale.
458 2247 561 2327 Quod
573 2256 612 2314 ut
625 2247 758 2314 facilius
773 2248 916 2327 credam,
932 2249 1015 2315 iacit
1027 2248 1083 2314 vel
1097 2247 1142 2327 Q.
1156 2247 1280 2314 Lucre-

185 2353 254 2418 tius
277 2351 444 2436 Vespillo,
459 2351 687 2436 jurisperitus,
708 2371 806 2435 quem
829 2357 1067 2418 commemorat
1085 2351 1135 2416 Μ.
1149 2350 1281 2418 Tullius

185 2456 221 2520 in
235 2455 354 2532 Bruto,
370 2454 424 2518 vel
438 2452 482 2532 Q.
497 2454 675 2522 Lucretius
691 2454 814 2533 Ofella,
822 2473 924 2538 quem
931 2454 1019 2520 idem
1030 2454 1153 2520 ibidem
1164 2445 1289 2521 scribit

187 2557 352 2641 aptiorem
363 2555 470 2622 luisse
482 2557 699 2624 concionibus
709 2549 979 2643 quainjudiciisr
994 2557 1037 2622 de
1048 2577 1118 2642 quo
1136 2556 1283 2622 fortasse

188 2667 221 2724 et
234 2657 387 2724 Velleius
401 2657 602 2726 Paterculus
624 2661 683 2725 lib.
709 2677 748 2725 ιι.
762 2661 865 2726 verba
883 2661 987 2726 fucit:
1007 2659 1060 2724 uel
1075 2658 1188 2743 potius
1202 2657 1284 2727 uter

119 2793 122 2798 ,
189 2759 364 2826 Lucretius
387 2759 557 2844 Vespillo,
578 2761 677 2846 cujus
697 2763 751 2828 M.
763 2762 898 2828 Tullius
913 2761 1111 2828 mentionem
1132 2759 1213 2826 iacit
1225 2759 1283 2827 lib.

192 2878 273 2925 vrrr.
290 2863 510 2946 epistolarum
523 2863 566 2927 ad
581 2861 741 2941 Atticum,
757 2864 943 2948 epistolae.
959 2868 993 2928 et
1004 2862 1044 2928 C.
1061 2862 1178 2928 Caeser
1189 2861 1284 2928 libr.

191 2969 226 3032 et
243 2980 298 3028 ιιι.
314 2963 456 3028 debello
472 2963 583 3030 civili:
606 2971 643 3030 ut
666 2964 824 3030 credibile
850 2965 907 3044 sit,
930 2965 1122 3031 Lucretium
1136 2968 1284 3030 nostmm

190 3066 311 3131 horum
334 3065 475 3152 alicujus
501 3065 633 3130 fratrem
658 3086 852 3150 germanum
880 3075 941 3133 aut
961 3068 1142 3153 patruelem
1166 3067 1284 3137 tuisse.

193 3167 316 3253 Neque
330 3187 382 3233 mc
396 3176 520 3246 movet,
536 3167 627 3253 quod
641 3168 757 3234 Caesar
774 3170 870 3236 libr.
886 3169 928 3235 de
948 3171 1037 3236 bello
1053 3169 1148 3235 civili
1163 3169 1287 3234 Lucre-

192 3271 275 3336 tium
289 3270 384 3335 illum
408 3276 591 3337 senatorem
618 3270 788 3356 appellat:
818 3271 892 3336 fieri
917 3273 1004 3337 enim
1027 3277 1171 3357 poterat,
1192 3279 1228 3337 ut
1242 3291 1288 3338 ex

195 3373 314 3438 eadem
327 3371 456 3438 familie
470 3373 560 3438 alius
576 3380 666 3438 esset
680 3373 854 3456 equestris,
867 3381 927 3440 aut
940 3375 1043 3442 etiarn
1057 3374 1179 3459 plebeii
1200 3373 1289 3440 crdi-

116 3453 124 3476 ’
194 3475 356 3554 nis,alius
370 3476 539 3541 senatorii.
563 3474 702 3554 Quodsi
714 3477 768 3540 cui
779 3476 1071 3556 mirumvideatnr,
1084 3474 1289 3555 consideret,

197 3575 247 3642 lt.
255 3575 404 3641 Tullium
416 3576 623 3655 Ciceronem,
633 3584 669 3642 et
679 3575 722 3655 Q.
734 3576 895 3656 Tullium,
904 3578 977 3664 ejus
987 3579 1130 3655 fratrem,
1143 3575 1290 3661 equestri

196 3675 276 3746 loco
290 3698 366 3744 esse
380 3685 490 3748 natos.
535 3679 637 3764 Finge
646 3681 758 3762 igitur,
775 3700 819 3746 ex
834 3681 887 3746 his
901 3681 1033 3748 duobus
1042 3675 1290 3747 iratribusalte-

198 3781 372 3848 rumsead
383 3782 524 3847 honores
534 3765 738 3866 petendcset
748 3782 898 3866 rempub.
910 3782 1084 3864 gerendam
1095 3780 1291 3862 contulisse;

198 3883 339 3950 alterum
352 3875 429 3948 luce
442 3882 601 3968 populari
614 3903 739 3962 carere,
755 3903 855 3948 suum
862 3886 1026 3967 negotium
1035 3903 1144 3968 agere,
1158 3884 1292 3950 etintra

199 3985 393 4070 pelliculam
407 4005 445 4050 se
458 3988 625 4052 continere
639 3987 808 4052 voluisse:
822 3987 914 4070 quod
928 3995 1039 4052 mmen
1050 4005 1149 4053 secus
1163 3986 1290 4051 factum

201 4095 271 4168 cst3
287 4087 347 4152 sed
361 4087 446 4170 tinge
457 4088 509 4154 ita
524 4089 687 4154 evenisse.
721 4085 949 4152 Proculdubio
964 4089 1007 4166 is,
1022 4089 1079 4173 qui
1093 4088 1292 4156 aedilitatem

202 4187 373 4274 majorem,
387 4199 578 4276 praeturam,
593 4191 801 4261 consulatum
816 4190 958 4277 adeptus
973 4199 1074 4271 esset,
1087 4197 1126 4256 ut
1142 4190 1291 4265 Marcus,
