3038 4864
635 403 826 486 urrsronr.
1232 432 1273 497 51

177 573 361 640 animorum
376 575 580 642 mortalitate
604 585 809 660 argumente,
830 581 885 646 bic
912 582 955 649 sd
973 583 1093 650 nimias
1107 588 1271 671 quasdam

178 675 222 740 de
236 676 487 743 simulacrorum
502 699 523 742 a
533 681 634 745 rebus
643 681 766 747 effluxu
779 685 997 763 subtilitates,
1006 689 1057 752 ite
1068 689 1271 766 consultum,

177 779 289 859 credo,
312 780 427 848 voluit.
470 782 660 863 Postremo,
683 795 721 851 ut
734 786 778 852 ad
792 807 844 852 res
858 788 951 872 ipsas
976 787 1044 875 (ita
1062 793 1151 856 enim
1162 797 1215 868 τὰς
1230 795 1271 856 ir-

175 879 249 956 voiar
261 883 328 948 boc
342 884 417 949 loco
432 886 601 971 appellare
617 885 726 972 lubet)
747 889 972 971 eccedamus;
994 893 1153 980 exempla
1169 897 1272 981 inpri-

177 986 252 1062 mis,
277 991 316 1050 et
337 987 569 1054 similitudines
599 989 687 1069 dico,
717 992 839 1074 quibus
865 991 1024 1078 physices
1049 1016 1120 1062 suae
1144 998 1271 1081 placita

175 1089 301 1169 passim
315 1092 480 1173 respergit
492 1099 528 1156 ot
541 1092 681 1175 irriget:
703 1092 785 1156 nihil
800 1100 868 1157 tam
880 1095 992 1162 sterile
1007 1102 1108 1182 atquo
1116 1098 1269 1184 jejunum

175 1207 323 1273 unquam
334 1191 452 1256 hebuit
466 1193 612 1272 obvium,
628 1193 719 1278 qnod
734 1213 804 1258 non
817 1195 986 1279 extemplo
1001 1201 1071 1262 suis
1085 1199 1162 1264 istis
1176 1199 1271 1264 illus-

175 1293 375 1358 trationibus
390 1294 634 1374 exhilaraverit,
655 1303 692 1360 et
705 1297 851 1378 cogitato
871 1297 1152 1383 consideratoque
1176 1321 1270 1386 pera-

174 1413 324 1460 moenum
338 1394 524 1462 reddiderit
568 1395 726 1462 Omnium
739 1398 845 1462 instar
858 1399 914 1476 sit,
930 1399 1019 1486 quod
1034 1399 1077 1465 ed
1091 1403 1269 1486 explican-

174 1495 251 1562 dam
264 1505 404 1564 montem
419 1519 514 1563 snam
529 1499 570 1563 do
585 1507 778 1577 atomorum,
791 1519 891 1582 quem
904 1500 1011 1577 docet,
1025 1507 1129 1581 motu,
1141 1520 1182 1566 rr.
1194 1505 1268 1572 lla

174 1599 218 1662 ab
233 1600 366 1682 agitatis
379 1601 415 1667 in
439 1601 522 1668 solis
535 1601 641 1668 tediis
663 1621 720 1687 per
742 1621 852 1686 opaca
872 1602 1045 1672 domorum
1069 1605 1268 1689 pulvisculis

175 1703 225 1780 ita
236 1703 398 1770 desumit:
518 1751 520 1756 ,

259 1805 507 1892 Contemplator
521 1809 622 1887 enim,
644 1829 744 1893 quom
758 1809 841 1874 solis
855 1809 982 1876 lumine
996 1830 1141 1894 cumque

260 1909 416 1975 Insertim
430 1911 573 1976 fundunt
587 1911 673 1976 radii
688 1931 747 1996 per
761 1931 871 1995 opaca
886 1913 1073 1991 domomm,

177 2063 181 2074 .
261 2012 370 2077 Multa
383 2014 509 2077 minuta
522 2013 635 2080 modis
650 2013 778 2092 multis,
795 2015 856 2079 tro.

172 2113 252 2179 Jam
267 2114 354 2179 idem
375 2113 444 2192 ille,
467 2115 526 2199 qui
542 2115 744 2198 promissum
758 2115 849 2181 illem
863 2116 1072 2194 suavitatem,
1097 2118 1146 2184 ita
1160 2121 1268 2184 omni-

172 2219 237 2284 bus
252 2217 360 2284 modis
376 2221 525 2300 preestat,
549 2235 664 2301 operae
680 2219 821 2301 pretinm
835 2225 888 2282 est
912 2217 1037 2297 videre,
1059 2229 1217 2305 quantam
1231 2223 1267 2288 in

172 2321 284 2387 medio
298 2321 365 2386 isto
379 2320 528 2404 leporum
540 2320 630 2386 fonte
639 2321 874 2386 sublimitatem
887 2321 1083 2406 plerumque
1093 2342 1133 2388 ao
1142 2324 1266 2408 mejes·
1348 2389 1354 2402 ,

172 2428 273 2489 tatem
287 2443 358 2506 pree
370 2443 409 2488 se
422 2421 517 2502 ierat,
531 2423 610 2488 licet
623 2441 658 2486 re
672 2422 828 2506 ipsaeom
844 2422 1030 2501 ostendere,
1041 2443 1141 2506 quem
1153 2427 1266 2492 verbis

171 2523 318 2610 profiteri
334 2526 439 2592 satius
458 2523 601 2590 duxerit.
650 2521 748 2602 Nom,
772 2529 807 2588 nt
832 2521 930 2588 modo
953 2524 1090 2589 allatum
1114 2534 1266 2609 repetam

170 2628 377 2711 exemplum,
410 2627 490 2713 quid
514 2625 574 2692 illo
595 2625 752 2691 festivius
775 2625 829 2690 vel
855 2625 997 2706 cogitari
1021 2633 1146 2708 potest,
1172 2635 1267 2710 post-

171 2749 284 2816 quam,
307 2731 534 2796 similitudinis
555 2748 673 2818 cansa,
695 2728 739 2792 ad
762 2726 979 2792 illustrandos
1000 2726 1077 2792 illos
1091 2727 1266 2810 primordi-

171 2853 267 2903 orum
279 2833 367 2899 inter
389 2838 570 2910 semotus,
593 2837 780 2896 assumtum
803 2827 985 2894 videmusl
1022 2827 1115 2907 Quid
1139 2830 1265 2914 simpli·

170 2936 245 3003 cios
267 2935 442 3002 tenuiusve
457 2953 516 3017 per
535 2935 592 2998 sel
615 2931 667 2996 Eo
689 2933 764 3016 ipso
788 2937 897 2996 tamen
920 2951 987 3016 quo
1002 2951 1067 2996 non
1090 2932 1266 3016 abripitur,

172 3037 273 3105 simul
288 3035 445 3122 modoad
462 3035 562 3100 illud:
586 3039 664 3118 ‘per
679 3034 783 3100 Inane
797 3033 927 3102 videbis
944 3032 1096 3118 Corpora
1109 3035 1270 3113 misceri,’

169 3147 232 3208 διο.
252 3137 377 3227 καθίιπς
402 3137 575 3221 ὶμπευσθιὶς
594 3137 726 3216 ἰξαΙΦνης
745 3139 796 3202 ὑπὸ
816 3136 885 3215 ieri,
907 3136 956 3200 sat
977 3136 1054 3200 οἱονεὶ
1071 3133 1265 3216 Φοιβὸληπτος

168 3245 322 3335 peteme,
344 3249 380 3309 ut
393 3242 540 3326 loquitur
555 3242 629 3321 Ille,
650 3241 809 3326 subjicit:

254 3349 300 3414 Et
313 3347 406 3414 velut
419 3353 542 3412 aeterno
557 3345 736 3412 certamino
750 3345 868 3430 praelie
877 3361 1076 3428 pugnasque

255 3449 359 3518 Edere
375 3451 543 3515 turmatim
558 3448 731 3526 certantia,
746 3466 807 3513 nec
822 3447 903 3512 dere
918 3463 1075 3530 pausam,

254 3552 420 3619 Conciliis
438 3559 473 3617 et
486 3551 641 3617 discidiis
655 3549 803 3614 exercita
815 3547 954 3614 crebris.

169 3656 295 3740 Qnid't
329 3658 360 3721 si
391 3654 434 3720 ad
461 3655 541 3737 equi
567 3652 718 3736 generosi
753 3649 971 3735 virgilianam
1003 3647 1266 3732 descriptionem

169 3763 310 3838 Seneca,
339 3759 438 3842 epist.
470 3773 557 3821 xcv.
587 3756 776 3822 exclamat:
817 3753 936 3822 ‘Dum
963 3750 1058 3818 alind
1090 3750 1158 3834 agit
1188 3747 1265 3814 Vir·

168 3863 270 3947 gilius
290 3867 412 3938 nostor,
427 3859 609 3942 descripsit
627 3859 736 3923 virum
759 3857 878 3921 fortem
891 3853 910 3919 l'
931 3861 992 3920 snt
1015 3851 1059 3918 sd
1074 3853 1265 3918 discursan-

169 3971 251 4032 tium
280 3964 495 4029 formicarum
530 3962 648 4028 illam:
685 3959 745 4025 ‘It
769 3959 900 4042 nigrum
930 3956 1061 4042 campis
1096 3973 1214 4040 agmen
1231 3951 1262 4020 :'

170 4067 285 4134 videre
315 4067 379 4132 sibi
401 4065 533 4130 videtur
559 4065 974 4146 exercituqunoseunque
997 4058 1190 4124 ‘subrectis
1218 4057 1266 4122 iro

166 4171 315 4249 vexillis,
330 4177 364 4254 et
378 4170 477 4254 qussi
491 4188 643 4252 magnum
657 4164 783 4251 aliquid
800 4173 931 4248 egetur,
944 4159 1090 4246 equitem
1100 4157 1199 4224 modo
1213 4157 1267 4221 ul·

168 4275 303 4344 teriora.
315 4273 559 4357 explorantem,
584 4269 722 4336 modos
740 4267 901 4334 luteribus
924 4260 1089 4351 moun(
1110 4267 1150 4328 nt
1163 4258 1222 4325 lib.
1239 4273 1263 4320 r.
