3022 4882
271 345 336 421 mii
640 363 675 408 r.
701 359 879 410 uuourru
905 359 993 412 osor

272 505 436 583 Quorum,
450 507 554 568 morto
567 503 673 580 obita,
687 501 789 568 tellus
804 500 1022 584 amplectitur
1032 519 1130 566 osser

271 606 379 670 Omne
391 625 505 689 genus,
518 605 678 689 quonium
692 603 819 687 possim
835 603 1014 668 simulacra
1028 604 1194 682 feruutur3

270 706 395 776 Partim
410 716 529 792 sponte
542 727 606 770 suo
620 727 696 791 quae
711 704 795 770 fiunt
809 704 886 769 adro
902 707 935 768 in
951 705 1042 788 ipso,
1305 703 1375 769 740

271 809 399 875 Partim
415 829 490 894 quae
505 809 607 874 variis
622 810 664 872 ab
685 809 787 874 rebus
802 827 971 892 quomque
987 809 1165 888 recedunt3

271 909 315 974 Et
328 931 402 994 qum
417 911 607 976 conferciunt
621 929 665 974 ex
678 910 794 976 horum
807 909 897 980 sacta
912 910 1035 992 liguris.

271 1011 361 1078 Num
374 1019 461 1078 certe
476 1031 522 1076 ex
537 1013 616 1076 vivo
633 1012 790 1077 Centauri
805 1030 872 1074 non
886 1009 925 1074 fit
939 1013 1067 1094 imogo;

273 1101 379 1178 Nulla
392 1114 457 1178 suit
471 1114 631 1196 quoniam
645 1113 722 1176 talis
737 1119 854 1176 natura
867 1112 991 1176 animai
1006 1133 1014 1177 :

271 1212 410 1292 Verum,
425 1215 483 1278 ubi
499 1215 576 1300 equi
592 1221 694 1300 utque
708 1213 853 1279 hominis
869 1234 952 1279 casu
967 1214 1124 1280 convenit
1136 1215 1262 1296 imago,
1304 1213 1373 1280 745

272 1315 444 1381 Haerescit
455 1317 556 1382 focile
570 1336 613 1380 ex
627 1317 764 1399 templo,
778 1317 872 1399 quod
887 1317 1038 1381 diximus
1050 1325 1140 1396 aute,

272 1418 414 1502 Propter
428 1419 581 1483 subtilem
595 1426 756 1495 naturam,
772 1425 806 1481 ot
820 1418 934 1484 tenuia
948 1423 1052 1483 textu.

272 1573 378 1618 moriem.
412 1566 532 1632 Siquidem
543 1568 659 1629 imagines
668 1569 744 1618 omnis
753 1569 848 1628 gereris
865 1568 950 1632 ubique
959 1568 1069 1626 sotumi.
1079 1582 1130 1631 qua
1140 1567 1167 1616 ier
1182 1569 1251 1630 puris
1260 1569 1373 1616 meatur

274 1632 431 1695 esseipsisiu
441 1633 491 1695 ipse
501 1631 569 1681 u'e're:
583 1637 607 1681 et
626 1647 678 1694 quis
695 1634 720 1680 iu
735 1639 805 1695 purte
823 1634 920 1681 emissi
934 1633 964 1682 ud
979 1633 1078 1682 dirersis
1092 1631 1264 1694 reditumque
1276 1632 1371 1694 partim

273 1701 327 1744 surii
344 1696 476 1759 composita
494 1711 526 1745 es
539 1695 628 1756 formis
644 1697 727 1746 lterum
745 1697 949 1748 simulacrorum.
984 1699 1066 1760 Neque
1075 1696 1136 1744 caim
1147 1697 1298 1744 simulacrum
1311 1695 1374 1744 Ces·

274 1761 340 1809 tauri
352 1775 375 1807 r.
389 1775 413 1820 g.
424 1767 519 1809 creatur
529 1775 560 1808 a:
570 1756 660 1808 uicinis
677 1769 811 1818 centauro.
828 1761 943 1824 siquidem
958 1766 1045 1809 rrsiurs
1063 1761 1175 1822 ejusmodi
1191 1759 1302 1808 amus
1316 1773 1372 1808 sus·

273 1839 342 1888 quum
353 1825 445 1873 extitit.
477 1824 526 1874 Sed
536 1839 588 1872 cum
598 1826 746 1872 simulacrum
754 1825 807 1888 equi
819 1829 841 1872 ei
853 1826 954 1874 leminis
959 1824 1063 1884 fortuito
1071 1824 1231 1885 conjungitur,
1242 1823 1322 1874 saliis
1331 1825 1372 1872 sd·

274 1887 437 1951 horriferas,
446 1893 471 1936 ui
481 1889 600 1937 docuimus
609 1903 689 1952 supra,
696 1887 723 1936 od
733 1889 818 1938 rsiiem
826 1895 944 1951 saturem,
955 1893 978 1938 et
985 1891 1096 1950 exiguam
1104 1892 1267 1938 cmtexturass
1274 1902 1373 1937 corun.

274 2071 380 2116 2-787
386 2066 470 2126 fauces
478 2067 510 2116 P.
523 2066 547 2114 iu
559 2073 615 2116 not.
627 2067 786 2127 Boutsrcies
798 2069 871 2132 reliq.
883 2068 994 2130 exempl.
1004 2067 1130 2130 quedeest
1139 2065 1297 2114 esau-raa
1307 2063 1373 2112 suus

275 2131 351 2178 deest
361 2131 428 2177 liius.
439 2131 470 2178 Β.
480 2135 588 2179 2.-739
606 2131 763 2192 Oumigmum
775 2132 806 2182 P.
818 2133 896 2183 Viud.
908 2133 940 2181 V.
948 2132 990 2181 ed.
1002 2133 1077 2180 Bodl.
1090 2130 1125 2180 0.
1138 2131 1206 2179 llius.
1219 2130 1248 2178 Β.
1258 2133 1282 2178 3.
1295 2131 1375 2178 Cant.

275 2192 331 2243 Gis.
341 2193 508 2253 marmNurd.
518 2193 654 2257 Grypuv.
665 2209 744 2258 marg.
754 2201 775 2245 l.
784 2200 809 2246 ².
819 2195 945 2245 uernum.
956 2197 1001 2244 lia.
1010 2195 1071 2244 Aid.
1080 2195 1226 2256 Omsigmus
1232 2192 1307 2242 Voss.
1318 2201 1373 2242 ret.

275 2267 302 2306 ct
315 2259 344 2306 L.
353 2259 385 2306 B.
395 2258 463 2306 Mus.
475 2258 507 2306 B.
519 2261 623 2307 l.-it⁰
633 2258 715 2322 fluum
727 2260 803 2310 Viud.
815 2261 848 2310 V.
860 2260 902 2308 ed.
913 2260 988 2309 Voss.
998 2269 1049 2309 vet.
1062 2259 1096 2308 0.
1107 2261 1174 2307 llus.
1182 2257 1214 2306 B.
1225 2263 1247 2306 i.
1256 2261 1280 2305 3.
1295 2257 1374 2304 Cant.

275 2322 399 2370 Perr.'l'i1.
409 2322 455 2369 iia.
461 2321 553 2385 flutuui
562 2323 592 2371 Ρ.
600 2323 625 2369 iu
635 2327 770 2372 nou—iti
783 2325 814 2372 Ei
871 2324 985 2373 vinuv.
993 2323 1034 2372 ed.
1044 2323 1078 2372 0.
1085 2325 1155 2372 Mus.
1164 2324 1197 2371 Β.
1206 2325 1227 2368 i.
1235 2325 1259 2370 2.
1267 2325 1292 2370 8.
1302 2321 1375 2370 Pers.

274 2387 321 2438 uu.
332 2387 378 2436 Ra.
391 2385 515 2451 conficiunt
528 2387 559 2435 P.
571 2386 649 2435 Viud.
661 2387 694 2436 V.
707 2387 749 2436 ed.
760 2387 794 2436 0.
838 2402 875 2436 us.
886 2389 916 2436 Β.
928 2393 952 2437 1.
962 2393 987 2438 Β.
999 2393 1023 2437 3.
1033 2386 1244 2436 circuimus.
1256 2385 1302 2434 lia.
1312 2383 1375 2434 uto.

275 2450 376 2514 emjiuui
386 2449 458 2498 Voss.
470 2457 522 2498 vet.
533 2462 559 2498 et
574 2450 602 2498 L.
614 2449 645 2498 Β.
658 2448 713 2500 Git'.
726 2452 786 2500 Par.
797 2451 898 2515 Gryph.
911 2452 943 2501 V.
956 2467 1033 2514 marg.
1047 2455 1152 2500 t.—itt
1169 2451 1230 2500 eaisr
1249 2463 1298 2511 pro
1318 2464 1375 2510 qus-

275 2515 339 2561 sium
352 2513 427 2562 Bodi.
437 2513 469 2561 V.
482 2513 524 2562 ed.
536 2514 582 2562 Tir.
596 2515 641 2562 ua.
653 2529 705 2562 cum
716 2515 784 2564 Mus.
796 2515 827 2564 Β.
839 2521 862 2565 l.
871 2514 960 2564 oaimui
972 2516 1001 2565 P.
1015 2517 1044 2564 V.
1057 2514 1099 2564 ed.
1109 2513 1143 2564 0.
1152 2515 1221 2564 Mus.
1233 2513 1267 2562 B.
1279 2517 1302 2562 i.
1313 2517 1338 2564 2.
1350 2515 1377 2560 ³.

276 2577 376 2639 Gryplr.
391 2576 471 2625 Nurd.
487 2576 545 2626 Bas.
562 2578 633 2625 Ferr.
650 2577 699 2625 ΊῚι.
719 2579 766 2626 Βιι.
784 2577 845 2630 Aid.
863 2579 951 2628 uuimol
966 2579 1044 2628 Viud.
1061 2580 1207 2628 animantum
1222 2576 1255 2626 P.
1274 2578 1300 2625 iu
1320 2585 1378 2626 rrot.
1483 2561 1484 2580 ³

275 2641 355 2689 auimo
367 2641 441 2689 Voss.
454 2647 506 2690 ret.
519 2647 545 2688 et
559 2641 586 2690 L.
602 2641 632 2689 B.
647 2642 775 2690 culmontis
792 2641 846 2693 ott.
866 2643 927 2692 Pur.
947 2644 1056 2692 animulis
1073 2641 1141 2706 vulg.
1168 2641 1204 2691 Η.
1224 2655 1262 2689 ua.
1277 2649 1306 2689 ei
1317 2655 1376 2703 seq.

276 2705 371 2753 desunt
383 2705 541 2754 Canu-⁷⁴5
557 2705 675 2754 curcur-rit
697 2706 777 2766 imago
798 2704 853 2757 (lif.
872 2707 932 2756 Par.
952 2707 1030 2756 Cous.
1051 2713 1075 2755 ei
1092 2707 1118 2755 iu
1136 2705 1189 2755 tina
1210 2703 1378 2754 Naro-ras

275 2769 385 2820 Acrescit
396 2768 475 2818 Vind.
489 2768 558 2817 Mus.
570 2769 601 2818 Β.
615 2775 637 2818 1.
651 2770 775 2820 Horrescit
788 2771 820 2822 V.
832 2770 875 2820 ed.
890 2771 939 2821 ut.
958 2771 1005 2821 uu.
1024 2771 1078 2820 Hoc
1092 2771 1175 2821 erescit
1192 2770 1260 2820 Mus.
1271 2768 1304 2817 B.
1316 2772 1377 2817 i.—

772 2883 879 2936 NOTAE

309 2983 359 3031 ⁷³8
380 2983 494 3045 Quorum,
510 2982 736 3047 morieeditu,i5c.]
752 2982 804 3034 Hic
843 2996 940 3046 genera
967 2981 1105 3045 descripsit
1128 2980 1211 3030 insius
1234 2993 1316 3042 supra
1337 2995 1379 3030 ss.

276 3072 315 3109 rs.
333 3058 432 3120 positus
441 3057 491 3108 t'uit
503 3073 521 3108 ι.
535 3065 590 3111 lus.
604 3093 610 3106 .
845 3055 1380 3122 rtu.usscqq.'rerriumhicnobisobocu·

309 3137 358 3182 ito
375 3135 469 3182 Partim
479 3142 560 3197 moure
569 3152 621 3198 sus,
632 3135 684 3199 tm]
699 3136 805 3198 Triplex
843 3136 882 3184 ios
890 3136 1013 3197 proclus
1021 3135 1094 3198 pouit
1100 3134 1155 3198 jam
1167 3132 1234 3181 iutra
1246 3147 1282 3182 rr.
1295 3137 1356 3182 iti.

276 3208 469 3258 simulserorum
487 3210 612 3272 prredicat
623 3225 710 3273 genos.
724 3225 743 3260 ι.
755 3211 804 3260 Eo-
875 3215 923 3260 its
941 3211 1074 3260 Nomcerie
1084 3223 1115 3258 ex
1124 3209 1185 3268 cieo,
1194 3207 1246 3271 uc]
1263 3207 1315 3255 ilis
1327 3209 1380 3256 irs-

278 3295 344 3342 rum,
354 3297 411 3347 que
423 3291 517 3346 sponte
529 3283 650 3332 sortiunt
666 3285 692 3332 in
704 3283 805 3334 adroso
845 3301 895 3351 qus
906 3291 930 3336 ⁵.
939 3301 990 3336 rss.
1001 3285 1079 3336 docet
1090 3297 1145 3346 uos,
1154 3299 1205 3348 qus
1216 3283 1318 3332 ratione
1328 3283 1381 3334 fiat

277 3358 399 3421 nubibus,
428 3359 514 3424 qualia
532 3367 591 3408 suut
611 3361 745 3409 simulacra
767 3360 805 3422 gi·
844 3362 950 3412 tertium
961 3361 1010 3411 hoc
1020 3362 1212 3410 simulacrorum
1225 3373 1318 3422 genus,
1334 3362 1382 3408 mi-

277 3440 393 3496 gratum,
410 3435 545 3495 montium,
563 3434 754 3498 belluarum‚et
771 3435 805 3484 si·
844 3437 936 3486 mirum
950 3449 1007 3501 quas
1028 3434 1095 3484 tiuut
1110 3449 1143 3485 er
1161 3433 1276 3498 pluribus
1287 3449 1381 3484 rerum

278 3509 375 3558 milium
392 3524 450 3574 qruc
464 3509 490 3558 iu
509 3509 618 3558 nubibus
637 3510 710 3559 nobis
726 3510 805 3560 iuter·
844 3513 993 3562 simulacris.
1020 3512 1112 3576 Neque
1124 3513 1192 3561 euim
1203 3525 1310 3576 usquam
1321 3511 1382 3558 rix·

277 3583 482 3646 dumspparsut.
500 3599 531 3634 rr.
541 3587 711 3650 Eorumque
721 3586 753 3636 ab
764 3600 803 3636 rs·
844 3595 921 3636 eruut
939 3595 984 3637 aut
1000 3588 1145 3638 extiterunt
1161 3586 1299 3646 Centauri,
1317 3587 1386 3636 Chi·

279 3661 327 3710 bus
339 3659 481 3722 reocduut3
499 3661 584 3724 quatis
595 3667 656 3709 sunt
667 3662 803 3713 simulacra
844 3677 941 3724 marrae,
950 3671 976 3714 st
986 3663 1037 3714 aliu
1048 3664 1074 3714 id
1086 3679 1166 3727 gamus
1177 3669 1300 3713 monstra.
1320 3663 1383 3714 Sed

277 3736 394 3796 hominis,
405 3734 494 3797 ieonis,
502 3735 707 3800 cqui,domus,et
718 3751 803 3786 rerum
845 3739 967 3790 eeursmi
988 3741 1152 3790 simulacrum
1172 3738 1203 3788 ot
1225 3741 1321 3803 partim
1343 3755 1383 3790 cs

277 3809 803 3874 omuium‚qursnobisierirrutocuios‚so
843 3812 980 3864 simulacro
1005 3813 1124 3876 hominis,
1151 3815 1246 3878 partim
1278 3829 1313 3863 cs
1344 3819 1384 3866 si·

278 3885 509 3934 sisumlscessuut.
527 3897 570 3933 ιιι.
590 3883 806 3948 Eorumquaees
844 3888 959 3938 mulacro
989 3891 1059 3954 equi.
1102 3891 1238 3940 Chimscrae
1270 3891 1386 3942 simnia-

279 3961 369 4006 irorum
388 3959 582 4008 simulacrorum
594 3957 680 4020 liguris
691 3961 806 4011 coiunti-
845 3977 915 4012 orum
927 3963 957 4014 m
968 3979 1001 4014 ea
1019 3965 1131 4030 imagine
1144 3966 1237 4029 partim
1256 3967 1385 4026 hominis,

279 4034 327 4083 bus
338 4031 413 4096 liunt,
428 4035 513 4098 qualia
523 4044 582 4084 suut
591 4035 728 4085 simulacra
738 4039 805 4088 Ceu·
846 4039 939 4101 partim
950 4053 1047 4104 capras,
1059 4042 1152 4104 purtim
1164 4041 1256 4093 leonis.
1291 4043 1326 4092 Et
1342 4045 1387 4096 ita

279 4117 420 4171 taurorum,
430 4110 582 4174 Scyllurnm,
595 4111 765 4162 Cerberorum
777 4121 806 4163 et
844 4113 878 4164 ds
889 4115 946 4166 aliis
957 4118 1086 4168 monstris.

280 4183 408 4234 similium.
442 4185 502 4234 Duo
514 4185 600 4248 priora
611 4185 803 4238 simulacrorum
