3038 4864
247 385 269 450 ⁴
674 399 913 447 wernrrnunr

250 546 413 625 socordia,
430 545 484 612 sal
500 543 646 623 inmitia,
660 545 716 611 vel
730 545 910 610 temeritate
925 542 1081 626 denique,
1103 539 1169 626 trip
1182 536 1266 628 piper
1280 557 1339 604 cu·

247 649 404 725 molatae,
413 652 450 712 nt
463 647 507 712 de
520 653 661 712 eonatns
674 647 740 711 mei
754 665 923 722 successu,
939 643 1097 711 adhibitis
1110 644 1211 707 etiam
1225 639 1338 706 stadio

247 749 497 833 improbissimo
509 756 544 812 et
559 747 736 813 sedulitate
748 745 988 824 morosiori-a,
997 745 1095 830 plane
1110 743 1340 827 desperarem

248 849 444 915 debilitatus
460 849 571 925 animi,
586 845 686 932 atque
700 847 823 930 coeptis
838 847 1022 913 audacibus
1036 865 1133 931 paene
1147 849 1340 911 consterna-

247 957 314 1030 tus,
333 951 412 1017 dnm
437 951 623 1016 naviculam
646 969 766 1030 rneam,
785 950 948 1015 immensa
970 949 1147 1033 cujusdam
1165 945 1339 1014 resbatis

248 1053 428 1120 solitudine
441 1053 914 1130 fluctuantem‚trenrebundns
931 1051 1189 1135 contemplarer:
1211 1053 1222 1101 -‘
1232 1049 1340 1114 maria

247 1154 406 1240 undique,
421 1159 456 1220 et
480 1151 623 1239 undique
652 1153 813 1220 coelnml'
855 1149 998 1231 Etenim,
1011 1151 1172 1216 mirentur
1190 1147 1270 1215 lieet
1287 1149 1340 1214 in·

247 1257 389 1341 experti,
403 1275 481 1323 vere
495 1257 574 1321 mihi
588 1255 736 1322 dicturus
751 1257 881 1335 videor,
894 1276 937 1321 ne
951 1275 1050 1320 unum
1064 1253 1199 1338 quidem
1213 1252 1339 1317 axillis

246 1359 409 1436 omnibns,
423 1359 482 1444 qni
496 1377 556 1442 per
568 1357 633 1423 aevi
648 1357 770 1422 flamen
783 1359 827 1424 ad
848 1377 954 1442 usque
979 1363 1095 1421 nostra
1116 1363 1269 1438 tempora
1283 1353 1340 1420 de-

245 1459 353 1526 voluti
367 1462 446 1538 sint,
468 1458 685 1542 scriptoribus
708 1457 868 1523 Lucretio
889 1457 1001 1522 minus
1014 1457 1223 1523 emendatum
1237 1456 1338 1538 vulgo

244 1562 400 1628 manibus
422 1562 584 1626 lectorum
607 1560 686 1640 teri3
708 1561 822 1626 autin
844 1559 940 1643 cujus
966 1565 1072 1636 terrtu5
1091 1577 1188 1643 quern
1207 1558 1338 1636 dicunt,

245 1663 472 1742 concinnando
482 1663 591 1744 magia
604 1661 852 1746 susquedeque
863 1661 1012 1728 babitans
1025 1668 1230 1728 vetustorum
1237 1661 1339 1726 libm·

244 1784 319 1832 rum
345 1763 446 1828 tidem
475 1763 604 1848 passini
630 1765 764 1828 senties.
808 1763 910 1842 Nam,
936 1772 975 1830 nt
1002 1764 1237 1842 concesserint,
1258 1761 1341 1830 Cari

244 1867 350 1934 naabi
364 1871 587 1948 argumentum
602 1885 668 1931 non
682 1885 725 1931 ea
739 1885 815 1931 esse
828 1868 1118 1951 amoenitato‚·qnae
1127 1867 1257 1932 turbam
1268 1865 1340 1932 loe·

244 1975 364 2046 torona
375 1967 418 2034 de
431 1987 539 2034 rerum
551 1974 668 2035 natura
682 1977 717 2034 et
727 1967 851 2036 abditis
865 1969 1088 2054 philosophiae
1098 1987 1215 2054 parurn
1223 1967 1339 2034 solici-
1392 1973 1399 1982 '

244 2080 368 2148 torum,
390 2068 462 2136 auis
491 2069 659 2136 illecebris
686 2079 810 2156 sponte
836 2071 965 2152 trabat3
993 2071 1193 2155 simplicitas
1225 2077 1340 2136 minen

243 2172 404 2238 orationis
432 2173 619 2256 purissimae
641 2173 844 2254 inaffectata,
869 2175 995 2257 ingenii
1016 2175 1126 2240 lactea
1139 2175 1286 2251 ubertas,
1300 2173 1338 2238 in

244 2275 434 2356 omnigenos
446 2274 577 2360 lepores
595 2277 662 2342 late
679 2273 842 2356 diffluens,
862 2277 1104 2342 summanus
1118 2275 1337 2359 superele-

244 2374 427 2458 gantiamnr
447 2375 654 2460 po'e'ticarnrn
669 2386 800 2461 gustus,
814 2379 930 2444 nativo
943 2377 1089 2462 quedam
1103 2395 1205 2442 sensu
1219 2376 1338 2442 rectia·¹

179 2513 186 2524 -
244 2477 332 2542 simo
355 2478 595 2562 delibutarum
624 2487 659 2544 et
680 2481 827 2546 varietas
848 2499 1027 2546 numerosa
1050 2497 1218 2556 verenam,
1236 2477 1338 2562 lapan

242 2574 754 2660 iacilideourrentium,etmelle
763 2583 975 2648 Musaovere
988 2589 1243 2648 contacturum:
1263 2581 1337 2648 hmo

244 2683 358 2748 onmia
387 2685 600 2752 macritatem
623 2687 836 2752 subtiliorum
864 2685 1149 2770 disoaptationnrn
1177 2683 1338 2756 delinim
1418 2701 1424 2718 ²

128 2859 133 2878 1
243 2804 353 2870 usqne
376 2787 475 2868 adeo,
508 2809 550 2854 ao
580 2789 775 2866 devincunt,
820 2787 993 2854 ‘Molliter
1018 2792 1188 2852 anetarum
1222 2786 1338 2856 studio

240 2885 379 2956 fallente
407 2889 578 2968 laborem,’
607 2895 646 2954 ut
671 2909 771 2956 nemo
796 2891 843 2955 sit
873 2890 1017 2972 ingeniis
1038 2906 1103 2954 non
1131 2887 1262 2966 meam,
1285 2899 1337 2955 at·

242 3007 306 3071 quae
327 2990 547 3074 elegantibus,
577 2990 784 3056 demerendis
810 2989 1115 3070 accommodabam
1142 3009 1251 3069 nemo,
1275 2991 1336 3074 qui

241 3089 442 3174 diligentiam
464 3093 608 3159 fideliter
621 3094 831 3158 tractantium
846 3092 991 3175 pleniore
1012 3098 1175 3175 proventu
1189 3109 1341 3158 ramme·

241 3193 338 3260 rabit
361 3193 538 3272 Nimirum,
551 3193 716 3271 alterurn,
729 3193 772 3258 de
785 3194 909 3277 quibus
917 3193 1081 3276 disputat,
1095 3194 1343 3260 obscuritatem

242 3303 278 3364 et
284 3295 494 3381 jejunitatem
507 3297 687 3362 liberaliter
701 3297 873 3373 intuearis,
883 3295 1057 3361 Luromtim
1066 3300 1248 3362 auctorest
1261 3297 1336 3382 pbi-

240 3397 406 3482 losopbiae
420 3399 572 3482 polidoro
586 3398 685 3482 longe
698 3399 865 3483 longeque
873 3398 1155 3478 dilucidissimam
1169 3417 1231 3464 nec
1244 3405 1335 3476 eunt,

240 3501 306 3576 nisi
321 3501 492 3581 rarissimi,
502 3503 536 3566 in
547 3520 651 3584 opere
663 3509 737 3567 toto
746 3503 827 3580 toci,
835 3502 895 3586 qui
907 3499 1099 3569 desiderent
1106 3502 1337 3584 interpretem,

241 3605 304 3666 aut
322 3601 483 3668 lectorem
496 3603 629 3668 modice
644 3603 875 3688 perspicacem
890 3603 1013 3670 mermi
1026 3610 1172 3688 queant:
1193 3603 1258 3672 beo
1273 3621 1336 3668 an-

240 3711 321 3784 on,
335 3705 380 3770 ob
391 3704 649 3788 depravationes
661 3705 887 3789 potissimum,
901 3705 1013 3790 poite
1024 3723 1092 3771 non
1101 3705 1337 3789 imputandas:

239 3805 275 3886 id
291 3806 395 3890 qnod,
408 3813 566 3892 expertus
576 3827 639 3874 usu
654 3825 733 3886 rem,
742 3814 881 3874 tutemet
895 3807 986 3874 band
1006 3827 1094 3891 aegre
1111 3808 1336 3875 confiteberis.

241 3907 310 3974 His
323 3909 424 3994 igitur
437 3909 481 3975 de
494 3911 617 3989 canals,
626 3909 838 3976 vehementer
845 3910 1001 3994 equidem
1015 3911 1128 3976 mirari
1141 3911 1249 3990 soleo,
1264 3920 1337 3978 tan

239 4029 368 4095 pancos
381 4012 587 4084 literatorum
606 4013 774 4080 bominum
793 4015 960 4091 mathae,
975 4013 1034 4096 qni
1046 4013 1251 4080 removerint
1265 4015 1336 4082 Lu·

239 4113 427 4180 cretianam
438 4129 628 4180 urrunnu
647 4129 806 4195 annum
826 4122 895 4180 tam
910 4133 1052 4198 panem,
1062 4116 1120 4199 qui
1133 4115 1335 4200 montiis

239 4215 640 4282 admiratislntartilioem
649 4215 825 4284 Musarum
834 4215 1336 4301 consummationnem
