3038 4864
634 365 843 416 astercum·
1229 357 1274 422 59
1306 371 1308 376 ·

178 515 304 592 quanto
314 508 347 574 iu
361 509 509 594 periculo
523 511 741 578 versabatur!
763 519 799 578 et
810 512 940 596 absque·
949 509 1091 578 Enniani
1106 513 1272 596 naufragii

176 612 299 676 tabulis
316 611 445 692 luisset,
461 611 622 698 numquid
646 617 720 678 toto
741 615 821 678 orbe
845 633 1005 698 apparere
1026 613 1124 680 hodie
1138 617 1271 699 uspiam

177 731 295 778 ausum
309 713 456 780 fuissetl
499 713 522 779 J
524 733 578 778 am
594 732 686 792 veru,
702 713 784 797 quid
798 715 923 791 obstat,
937 717 1119 798 quominus
1133 722 1168 781 et
1182 715 1268 782 idem
1347 709 1357 718 ’

169 813 231 897 jus
254 815 320 881 sibi
333 815 480 882 vindicet
495 831 535 880 11.
552 815 648 882 1109.
674 817 769 896 illud,
801 816 981 900 ‘Aperiret
1002 819 1081 884 corii
1101 811 1271 903 epatium‚'

174 917 272 1002 quari
296 915 496 1001 ‘Apriretl'
526 919 725 1003 praesertim,
741 939 819 984 cum
841 918 916 984 iude
937 927 1046 986 ortum
1068 922 1267 986 vocabulum

174 1019 354 1104 ‘apricus'
379 1041 440 1104 per
461 1021 611 1086 omnium
630 1041 689 1086 ore
702 1019 832 1099 volitet,
851 1025 886 1086 et
901 1021 1028 1086 Ennius
1047 1021 1268 1104 apodemi.

174 1120 254 1186 Diu.
277 1121 449 1198 ‘Avium'
463 1124 496 1187 in
513 1141 628 1188 versus
649 1121 814 1205 principio
837 1121 1032 1204 spondoeum
1056 1122 1172 1202 faciat,
1187 1122 1269 1188 licet

173 1225 374 1290 eontrarium
397 1223 524 1290 moneri
540 1223 715 1290 videamus
740 1223 776 1286 in
791 1220 1031 1289 collectionib.
1055 1223 1268 1308 Fragmentu-

172 1345 246 1390 rum
262 1327 401 1406 illorum,
421 1328 538 1392 saltem
555 1327 711 1395 editionis
725 1345 844 1408 novar3
876 1345 984 1410 neque
1000 1326 1160 1392 dissimile
1173 1328 1266 1411 quid,

171 1424 206 1490 in
229 1426 372 1493 ‘Genua
392 1427 531 1505 labant:
545 1427 636 1512 apud
652 1427 745 1510 Virg.
760 1432 771 1463 ‘
786 1425 920 1506 tenuia,'
945 1431 1045 1494 toties
1072 1429 1164 1514 apud
1187 1449 1265 1496 nos-

171 1533 268 1609 trum,
295 1549 409 1596 omnes
432 1551 531 1615 reque
553 1531 666 1596 auimo
687 1530 804 1596 serant.
857 1529 905 1596 At
924 1530 1058 1596 literae
1078 1532 1263 1600 exterenda

170 1641 251 1698 erat
295 1631 347 1696 Ea
364 1651 468 1698 cause
482 1633 573 1710 mali,
589 1640 626 1699 ut
641 1633 771 1716 opinor.
816 1632 890 1716 Ego
905 1653 984 1700 vero
999 1635 1153 1700 hocloco
1167 1636 1264 1720 plura

170 1734 285 1813 etlam,
300 1733 450 1818 ejusdem
473 1737 574 1800 sortis
596 1744 631 1802 et
651 1735 854 1818 conditionis
876 1735 957 1817 fere,
980 1743 1136 1822 tanquam
1150 1758 1170 1802 e
1184 1759 1262 1823 spe·
1360 1795 1365 1808 ,

169 1837 248 1902 cula
263 1838 459 1921 conspicere
477 1837 559 1902 mihi
577 1837 703 1916 videor,
718 1857 795 1923 quaa
820 1821 943 1925 partim
960 1859 1091 1905 manum
1115 1839 1262 1924 aliquam

168 1939 461 2023 servatricemjam
485 1942 709 2024 experiuntur,
722 1942 845 2025 partim
864 1943 909 2006 iu⁴
923 1942 1035 2008 medio
1056 1943 1259 2008 variantium

167 2041 352 2108 lectionum
365 2043 491 2125 gurgite
507 2043 615 2108 adhuc
631 2041 807 2122 fluctuant,
823 2051 858 2110 et
870 2045 972 2110 modo
986 2045 1143 2124 emicant,
1158 2045 1262 2110 modo

167 2153 291 2228 preter
303 2146 437 2224 flnctns,
458 2165 546 2229 quos
571 2147 734 2226 excitant,
750 2146 829 2212 nilril
853 2147 990 2231 prodere
1005 2157 1143 2232 queunt,
1159 2147 1262 2214 velmi

169 2248 301 2314 trees.
317 2246 499 2333 ‘Corporis
507 2259 545 2314 nt
553 2248 626 2316 haec
639 2249 734 2314 naris
747 2247 767 2328 3’
785 2248 1260 2334 1v.2to.v1.229.‘tempons

166 2349 302 2432 imago3'
318 2351 509 2435 ‘temporis
518 2355 551 2416 et
561 2371 677 2416 aurum
689 2350 707 2432 ;'
721 2351 816 2436 (quae
829 2351 897 2418 due
911 2353 987 2417 loce
997 2370 1107 2436 operte
1120 2354 1260 2437 pretium
1326 2363 1330 2375 “

165 2458 216 2518 est
229 2452 340 2518 videre
360 2471 459 2537 quam
487 2455 606 2518 misere
622 2473 663 2520 ee
680 2454 803 2520 frustra
825 2455 975 2520 dextram
991 2461 1105 2537 petant
1123 2456 1167 2520 ab
1183 2453 1258 2520 Chr.

166 2553 271 2632 Ruso,
294 2561 377 2621 tom.
395 2571 436 2618 rr.
455 2555 537 2620 Fac.
553 2553 637 2620 Crit.
652 2574 730 2638 pag.
743 2553 836 2639 605.)
852 2571 893 2620 11.
909 2555 1006 2618 1024.
1049 2561 1059 2590 ‘
1074 2556 1257 2634 Accedere,

165 2661 199 2722 et
213 2677 301 2723 nova
314 2677 351 2721 se
365 2657 498 2742 specics
513 2656 691 2722 ostendere
712 2675 819 2721 rerum
830 2655 849 2736 3'
873 2677 904 2722 v.
919 2655 993 2722 608.
1039 2661 1049 2690 ‘
1064 2655 1260 2722 Accendere

144 2777 283 2824 exona
292 2757 626 2826 scintilluinceudia.’
648 2756 745 2835 Item,
757 2756 1258 2842 rr.oeo.‘contingeropsrato;'

163 2867 255 2928 ettv-
269 2862 344 2926 950.
362 2862 534 2942 ‘degerere
545 2858 690 2924 bellum!
722 2859 877 2944 Denique
890 2869 923 2924 et
936 2879 1046 2924 meum
1054 2860 1139 2925 illud
1149 2859 1257 2944 τόλμη-

163 2983 218 3040 μα,
233 2961 277 3026 ed
293 2961 419 3026 11852.
434 2966 443 2995 ⁶
460 2958 648 3043 surripere,’
658 2962 756 3043 quasi
771 2959 966 3046 ‘surrip're,'
979 2981 1045 3027 uon
1060 2963 1236 3046 ‘surpere’

208 3063 278 3130 XI.
300 3063 356 3128 Ad
379 3063 479 3128 hasce
506 3061 674 3128 illisiones
699 3062 861 3130 accedant
883 3063 1004 3130 Crases
1026 3065 1206 3143 nonnullae,
1223 3075 1258 3132 et

164 3167 390 3252 Syneloepltae,
417 3165 582 3232 vocalium
607 3184 650 3232 ac
673 3165 891 3250 syllabarum,
921 3167 989 3230 nisi
1019 3168 1129 3232 mavis
1158 3191 1257 3230 corra-

162 3269 292 3356 φήσεις
316 3269 489 3354 appellari.
534 3267 614 3334 Non
629 3269 717 3334 enim
736 3276 771 3333 et
784 3268 898 3347 hasce,
913 3268 981 3332 nisi
1005 3267 1182 3334 difficulter
1196 3271 1255 3335 ed·

161 3373 310 3452 modum,
325 3373 358 3437 in
372 3373 480 3437 lucem
497 3371 632 3455 prodire
647 3371 821 3436 cernimus.
854 3369 1020 3454 Exempla
1031 3369 1255 3454 suppeditant,

162 3491 188 3539 1.
201 3477 278 3542 976.
305 3474 519 3559 ‘prohibeat,
544 3470 760 3557 efficiatque.'
804 3469 901 3536 Unde
929 3479 964 3536 et
992 3471 1254 3540 inminere.

159 3577 227 3644 ‘ld
243 3578 399 3662 quoniam
421 3595 511 3640 mors
534 3576 666 3654 eximit,
689 3595 831 3660 esseque
854 3575 1021 3659 prohibet,
1048 3575 1159 3656 lllum,
1184 3575 1254 3644 &c'

160 3677 241 3745 milri
257 3675 411 3741 arrisisse
425 3676 552 3742 mireris
568 3677 691 3756 nolim;
713 3696 820 3760 neque
836 3678 925 3741 enim
948 3677 1127 3744 insolentia
1141 3698 1254 3746 move·

160 3783 221 3848 bar
234 3795 359 3856 eurum,
371 3797 448 3862 qnae
460 3786 652 3862 sequuntur,
667 3786 676 3814 ‘
689 3779 786 3844 lllum
800 3785 877 3844 aute
892 3778 1017 3858 suissc,'
1026 3800 1101 3865 qnae
1117 3781 1252 3866 ellipsin

159 3884 232 3970 pati
248 3882 392 3959 voculae,
408 3880 601 3959 ‘nimirum'
616 3880 776 3966 ‘nempe,'
790 3881 964 3960 similisve,
980 3891 1073 3966 puto,
1087 3901 1120 3966 q.
1132 3882 1165 3947 d.
1210 3883 1252 3950 ld

160 3985 390 4060 eximitmors,
405 3990 440 4048 et
450 3985 498 4048 ita
508 4001 584 4048 esse
593 3983 759 4067 prohibet,
768 3984 934 4062 nimirum,
946 3984 1040 4049 illum
1049 3985 1251 4063 antefuisse,

159 4089 220 4152 &c
278 4085 376 4163 Item,
391 4085 489 4149 verba
511 4083 750 4152 ‘fluctuare'et
768 4083 939 4152 ‘fluitare’
987 4083 1065 4164 Qua
1081 4087 1168 4152 enirn
1183 4087 1250 4152 alia

159 4187 313 4256 decanea
327 4184 504 4268 inflectere
517 4186 693 4268 etfluture,
712 4187 768 4253 hic
787 4187 856 4255 illic
870 4186 960 4274 apud
976 4187 1176 4268 Lucretium,
1188 4189 1249 4256 mi·
