3038 4864
356 918 780 1042 TESTIMONIA
804 925 1141 1025 versuum

529 1241 613 1318 DE
652 1244 978 1326 LUCRETIO·

237 1607 241 1622 .
400 1537 461 1605 [ex
477 1539 657 1596 numurus
672 1543 846 1598 urmeum
860 1543 1113 1614 wunnerus]
1248 1605 1252 1616 ,

608 1851 905 1870 m

293 2079 343 2148 Μ.
357 2083 399 2150 Τ.
415 2083 570 2170 crunno,
586 2091 621 2156 in
635 2089 789 2176 epistolis
802 2090 845 2158 ud
862 2091 907 2172 Q.
923 2087 1084 2174 Fratrem,
1101 2105 1140 2159 tr.
1154 2095 1207 2160 11.

207 2210 427 2304 ίῙιυοιικτιι
444 2241 615 2326 pudmutu,
638 2228 679 2310 ut
688 2243 820 2324 scribis,
837 2245 886 2312 itu
904 2254 983 2312 sunt
992 2229 1109 2314 multis
1123 2245 1302 2314 luminibus

207 2341 351 2426 ingenii3
367 2345 481 2412 multae
495 2351 605 2414 tumen
621 2346 722 2416 ustis-⁹

249 2521 347 2598 Sunt,
377 2525 434 2609 qui
464 2525 649 2608 negationis
678 2525 877 2608 particulam
898 2523 1007 2590 ‘uun’
1033 2531 1115 2609 pust
1136 2525 1303 2592 ‘scribis'

206 2627 358 2705 inferunt,
380 2627 579 2710 singularem
603 2647 663 2714 per
677 2626 867 2706 audaciam,
889 2631 1002 2694 eunus
1022 2627 1182 2694 librorum
1198 2629 1305 2714 serip-

206 2735 315 2793 torum
329 2727 447 2794 tidem:
470 2729 584 2795 eudem
598 2749 701 2814 opem
716 2728 891 2826 Ciceronis
907 2725 1039 2813 judicio
1054 2729 1304 2794 acerbissimum

205 2831 360 2914 injurium
375 2831 550 2912 facientes,
565 2837 600 2896 et
612 2833 776 2914 ingenium
790 2831 936 2896 Lucretii
951 2829 1174 2916 deprimentes
1187 2831 1304 2916 medig-

206 2933 355 2998 nissime.
398 2933 575 3013 Nimirum,
601 2933 752 3019 opinioni
776 2933 862 2998 inter
876 2933 1012 3000 criticus
1033 2941 1183 3020 receptae
1199 2935 1304 3000 diser·

206 3035 357 3100 tissimus
380 3041 504 3120 tugutae
527 3037 631 3120 gentis
653 3037 777 3103 tacitus
803 3038 966 3120 occurrit3
989 3057 1066 3122 qum
1088 3036 1235 3114 volebu't,
1256 3039 1305 3102 in-

206 3139 294 3220 genii
304 3139 371 3204 vim
384 3147 420 3205 et
433 3138 611 3206 artificium
627 3133 796 3208 scribendi
810 3140 845 3205 in
859 3139 976 3207 eodem
989 3141 1121 3206 humine
1133 3141 1304 3207 rarissime

206 3241 401 3310 consociari.
445 3235 537 3310 Hinc
552 3243 675 3331 pendet
687 3242 845 3323 Ouidius,
859 3241 962 3310 Trist
978 3257 1019 3308 11.
1032 3241 1110 3309 nm.
1165 3241 1168 3248 '

333 3411 473 3497 Ennius,
488 3417 620 3502 ingenio
633 3417 813 3498 maximus,
828 3424 899 3485 erte
914 3415 1019 3484 mdis.
1077 3397 1080 3403 ⁸

138 3599 141 3608 =
249 3565 317 3634 Sed
346 3589 452 3653 neque
479 3567 710 3636 acutissimum
738 3575 774 3636 et
803 3569 1085 3654 elegantissimam
1112 3567 1304 3656 Tanaquilli

208 3665 309 3736 Fabri
325 3671 562 3758 conjecturum,
578 3671 690 3768 stira:
704 3673 778 3739 vice
791 3675 803 3708 ‘
817 3671 891 3753 ital
904 3679 1024 3739 temere
1038 3678 1155 3740 contre
1169 3671 1305 3739 codices

206 3771 356 3858 equidem
379 3775 575 3860 receperim:
597 3795 675 3840 num
687 3773 825 3860 vulgum
847 3779 1091 3843 suntaeuurute
1111 3774 1257 3861 propriu,
1272 3783 1306 3841 et

205 3895 370 3943 connexu.

248 4023 329 4093 Nun
352 4029 463 4094 minus
485 4029 585 4113 igitur
597 4025 769 4096 Cloemnis
791 4031 912 4115 ipsius,
927 4047 1032 4117 quum
1047 4029 1157 4096 Marci
1177 4029 1304 4109 sustris,

207 4131 403 4196 sententium
423 4132 640 4199 favorabilem
665 4133 836 4214 hebemus,
859 4140 931 4202 tum
955 4134 998 4200 de
1019 4133 1143 4202 nutivis
1164 4131 1209 4198 ud
1229 4132 1306 4198 illu·

207 4231 396 4300 minandum
430 4233 552 4322 poesin
581 4236 771 4304 Lucretium
798 4237 925 4323 ingenii
951 4235 1140 4314 virtutibus,
1166 4240 1237 4302 tum
1265 4234 1307 4299 de
