3038 4864
254 331 299 428 36
613 371 818 426 oroutsws
841 377 1037 428 nonninus

254 527 386 592 siorem.
430 521 721 602 Quemadmodum
734 525 825 590 euim
843 523 890 590 ll.
909 523 1054 606 Tullius,
1069 523 1235 592 Periclem
1248 525 1354 606 illum,

256 629 315 714 qui
328 628 501 712 fulgurare,
516 630 644 706 tonare,
657 629 857 712 permiscere
872 627 1042 694 Graeciam
1052 627 1237 707 dicebatur,
1244 648 1287 694 eu
1298 647 1353 694 ce·

254 731 339 798 teris
359 731 546 796 oratoribus
559 733 760 816 prestitisse
775 733 870 809 dicit,
885 731 976 816 quod
992 730 1205 816 Anaxagorae
1220 731 1354 818 physici

255 832 388 900 auditor
409 832 547 914 fuisset;
576 841 612 898 et
636 834 896 900 Demosthenem
922 833 1028 912 illum,
1052 849 1152 919 quern
1180 831 1353 918 longinus

254 937 371 1003 scribit
384 937 468 1020 iguis
482 939 597 1015 instar,
608 955 733 1014 eorum,
747 956 834 1021 quos
847 934 978 1000 allicere
991 936 1084 1016 velit,
1098 938 1228 1002 animos
1238 939 1352 1003 incen-

255 1041 333 1106 dere
347 1047 449 1126 atque
470 1039 691 1118 inflammare,
707 1047 799 1106 tunto
813 1042 969 1126 majorem
984 1041 1147 1119 evasisse,
1163 1041 1256 1126 quod
1270 1040 1351 1106 Pn-

253 1151 363 1210 touem
382 1145 416 1208 in
438 1141 628 1210 Academia
642 1143 798 1210 derebus
812 1164 835 1210 o
849 1163 947 1210 sensu
961 1144 1118 1228 populun·
1131 1143 1267 1210 remotis
1282 1144 1350 1208 dis—

251 1255 424 1334 putantem
433 1247 635 1328 audivisseu
657 1247 705 1312 itu
718 1248 872 1326 arbitror,
886 1267 961 1315 eum
975 1251 1154 1326 oratorem,
1168 1247 1229 1330 qui
1243 1246 1350 1312 mndi-

252 1369 313 1416 ose
337 1349 530 1416 Lucretium
551 1347 655 1431 legat,
679 1348 784 1414 multo
804 1350 951 1434 majores
978 1349 1016 1414 in
1044 1347 1187 1414 diceudo
1216 1349 1350 1414 sonitus

250 1455 426 1532 editurum,
452 1452 622 1535 multoque
644 1450 867 1515 vehementius
889 1451 1019 1516 ammos
1042 1451 1234 1518 auditomm
1248 1451 1349 1536 qnasi

250 1576 496 1644 percussurum,
511 1560 546 1620 et
558 1571 767 1638 quocumque
780 1555 871 1633 velit,
886 1554 1115 1639 impulsumm.
1159 1553 1284 1638 Neque
1297 1561 1349 1619 ta·

249 1681 325 1727 men
341 1661 406 1727 hoc
420 1660 470 1724 ita
484 1656 599 1740 accipi
613 1656 726 1734 velim,
737 1656 905 1741 quosiboc
916 1657 1072 1734 sentium,
1084 1655 1348 1741 Qumtionem

249 1765 292 1830 de
307 1763 440 1840 atomis,
454 1760 544 1827 etde
558 1777 669 1825 aarum
692 1761 913 1824 concursione
935 1759 1081 1840 fortuita,
1103 1767 1140 1824 et
1166 1758 1209 1824 de
1231 1777 1348 1826 earum

249 1874 343 1934 motu
355 1864 493 1949 tripiici,
506 1871 540 1928 et
553 1863 719 1929 similibus
733 1863 801 1928 reb.
817 1862 862 1927 od
875 1863 1073 1947 eloquentiae
1097 1863 1347 1946 incrementum,

248 1989 290 2034 ac
306 1968 438 2053 pondus
452 1967 688 2053 acquirendum
699 1967 825 2032 oratori
835 1966 1055 2051 profuturam:
1079 1965 1215 2032 sedboc
1225 1967 1347 2044 sentio,

247 2071 312 2137 boc
327 2068 416 2147 dico,
432 2068 584 2135 detracta
598 2077 763 2134 certorum
776 2067 937 2134 librorum
951 2070 1102 2149 materie,
1113 2070 1186 2156 ejus
1199 2077 1346 2138 metun-

250 2175 304 2240 due
318 2173 478 2238 rationem
502 2191 543 2236 ac
565 2170 687 2253 figuras
707 2171 831 2236 oratori
853 2189 995 2254 magnos
1016 2179 1050 2237 et
1071 2175 1191 2240 uberes
1216 2173 1346 2244 fructus

249 2277 421 2352 allaturus,
443 2291 632 2358 magnoque
655 2271 846 2357 adjumento
872 2271 917 2341 ad
932 2273 1169 2359 eloquentiam,
1191 2279 1344 2344 omuibus

247 2379 318 2444 suis
329 2377 452 2462 partib.
468 2375 666 2455 absolutam,
681 2375 940 2459 comparandam
954 2375 1101 2461 luturas;
1122 2385 1156 2446 et
1179 2389 1345 2448 oratorem

248 2482 292 2547 ab
305 2479 403 2565 hujus
418 2479 586 2564 poematis
601 2478 745 2544 lectione
765 2479 949 2562 proiectum
969 2481 1153 2548 orationem
1171 2485 1346 2550 conlectu-

246 2605 320 2650 rnm
344 2585 443 2668 longe
465 2582 688 2668 grandiorem,
711 2582 820 2664 megin
841 2599 1011 2660 sonoram,
1022 2587 1130 2667 magis
1146 2585 1295 2667 arduam,
1309 2595 1346 2654 et

244 2689 422 2768 excelsam,
438 2687 545 2770 magis
568 2684 722 2769 denique,
745 2689 784 2750 ut
807 2683 858 2748 ita
872 2682 996 2762 dicum,
1011 2691 1228 2767 exstructam,
1244 2697 1345 2776 utque

244 2797 487 2876 exaggeratam.
532 2789 624 2868 lam,
640 2787 830 2873 quodidem
842 2781 1345 2874 ait,Lacreliumessedffcilem,·

245 2893 326 2978 quid
342 2893 480 2971 diceret,
497 2894 527 2956 si
541 2893 593 2956 bis
607 2890 817 2974 temporibus
832 2895 931 2954 uatus
947 2897 1051 2969 essct,
1065 2893 1190 2976 quibus
1204 2914 1227 2960 a
1240 2898 1342 2962 certis

244 2995 445 3072 bominibus,
459 2993 618 3078 (quorum
632 2992 823 3055 nominibus
838 2989 972 3074 parco,)
996 2992 1046 3058 ita
1062 2993 1266 3078 depravatus
1280 3005 1344 3079 est,

243 3103 284 3162 ut
307 3098 367 3163 vix
389 3095 465 3181 ejus
487 3095 627 3179 pristina
649 3092 782 3176 species
803 3100 1016 3174 agnoscatur,
1031 3113 1109 3160 cum
1122 3102 1155 3162 et
1168 3101 1261 3165 etati
1275 3102 1342 3167 Lu·

243 3201 340 3267 cretii
357 3217 455 3284 paene
474 3198 619 3274 vicinus,
629 3201 664 3260 et
674 3194 824 3260 Lucretii
833 3196 1043 3280 exemplario
1050 3196 1178 3282 integra
1189 3207 1222 3265 et
1232 3223 1342 3270 emen-

241 3303 330 3383 duta,
345 3311 407 3370 aut
421 3309 509 3368 certe
524 3317 623 3385 quam
643 3299 777 3364 minime
800 3308 960 3384 corrupta
971 3308 1005 3368 et
1018 3302 1188 3384 mendosa,
1200 3305 1342 3386 babens,

240 3403 316 3470 boec
333 3403 468 3490 scripsit
481 3403 619 3470 tament
642 3399 749 3486 Atqui
761 3401 845 3466 nihil
856 3413 911 3467 est
925 3404 960 3467 in
974 3403 1133 3471 Lucretio
1144 3423 1341 3495 magnopere

240 3505 377 3574 difficile
392 3505 517 3573 homini
533 3503 749 3571 tolerabiliter
756 3504 900 3584 emditc,
916 3515 952 3571 et
966 3508 1002 3571 in
1016 3507 1341 3596 disciplinuEpicuri

239 3629 309 3676 nou
332 3610 468 3676 omniuo
490 3607 626 3692 hospiti.
670 3604 760 3685 Quin
785 3607 947 3693 pleraque
961 3610 996 3674 in
1010 3629 1054 3676 eo
1069 3619 1158 3690 sunt,
1179 3631 1256 3696 quse
1275 3633 1340 3680 non

240 3713 340 3779 debet
362 3714 514 3797 ignorare
526 3711 625 3776 bomo
639 3711 777 3775 honesto
791 3710 868 3776 loco
883 3719 996 3790 natus,
1009 3720 1044 3777 et
1057 3713 1239 3781 liberaliter
1259 3719 1340 3784 edu»

239 3823 351 3890 catus,
376 3822 411 3880 et
434 3815 533 3879 bouis
556 3813 684 3880 artibus
708 3812 868 3893 eruditus,
890 3815 1012 3880 nedum
1026 3816 1067 3895 is,
1082 3819 1143 3902 qui
1161 3826 1214 3884 est
1229 3827 1340 3886 orator

176 3907 177 3920 ¹
240 3915 423 4002 aliquando
445 3915 589 3990 futurus,
612 3925 646 3981 et
669 3916 760 4001 apud
782 3915 971 4002 pontifices,
996 3919 1088 4002 apud
1114 3922 1338 4005 imperatores,

239 4019 331 4104 opud
345 4037 451 4102 reges,
468 4019 559 4103 apud
575 4019 723 4106 populos
736 4021 913 4106 opulentos
927 4040 969 4086 ac
982 4029 1137 4105 potentes
1151 4025 1279 4108 magnis
1300 4023 1341 4089 dc

237 4123 337 4188 rubus
362 4123 466 4188 verba
490 4123 648 4190 facturus.
692 4121 773 4188 Tali
786 4124 890 4206 igitur
901 4124 1036 4207 ingenio
1052 4127 1224 4209 praeditus,
1236 4134 1338 4213 atque

239 4231 384 4308 ornatus,
396 4225 585 4313 talibusque
595 4226 1092 4313 adjumentispurtimenatura,
1101 4229 1226 4312 partim
1237 4238 1336 4297 astu·
