3156 4886
509 388 557 438 nrr
584 389 714 439 nanum
740 391 900 440 uerunt
925 391 997 440 nro.
1021 395 1044 441 r.
1261 377 1325 441 ltu

227 531 365 597 Scilicet
378 549 423 596 ex
437 531 530 596 nulla
543 531 653 624 lacere
668 532 704 597 id
719 534 749 596 si
764 539 858 617 parte
874 546 1060 618 reporcent,

226 631 376 698 0bcidet
390 631 434 698 ud
445 633 583 698 nihilum
597 635 754 698 nimirum
768 635 918 699 funditus
933 637 1034 702 erdor

226 731 359 813 Omnis,
373 743 405 800 et
419 754 464 799 ex
478 735 582 800 nihilo
596 736 678 800 fient
691 755 936 820 quaequomque
951 747 1115 805 creantur.
1256 741 1325 806 670

225 833 329 915 Nam,
345 836 603 920 quodquomque
618 838 690 901 soie
704 845 868 902 mutatum
885 839 1010 904 finibus
1025 842 1109 918 exit,

225 933 392 1003 Continuo
407 938 471 1005 hoc
485 959 575 1003 mors
590 947 642 1004 est
655 938 756 1015 illius,
770 939 862 1021 quod
879 942 943 1004 fuit
957 949 1054 1005 ente:

224 1035 370 1119 Proinde
385 1039 516 1123 aliquid
531 1059 691 1124 superero
705 1061 842 1104 necesse
857 1051 911 1107 est
925 1043 1088 1107 incolome
1104 1043 1194 1122 ollis,

225 1135 280 1202 No
293 1140 354 1204 tibi
368 1159 420 1204 res
435 1141 573 1205 redeant
589 1140 631 1205 ad
646 1141 784 1206 nihilum
800 1141 949 1206 funditus
965 1163 1094 1221 omnes,

226 1237 279 1302 De
294 1239 465 1324 nihiloque
478 1249 596 1306 renate
610 1242 759 1306 virescat
773 1243 875 1324 copia
889 1261 1010 1308 rerum.
1255 1245 1323 1312 675

268 1339 370 1406 Nunc
385 1344 495 1426 igitur,
507 1345 666 1426 quoniam
681 1339 871 1409 certissima
887 1365 1030 1429 corpore
1044 1345 1202 1429 quaedam

224 1503 277 1558 otu,
288 1503 311 1548 et
319 1505 454 1550 conuertere
464 1507 575 1552 metm
585 1515 667 1566 ruem,
677 1503 720 1551 loe
730 1507 775 1565 eet,
784 1502 807 1552 ri
817 1502 978 1564 uelintsucm
989 1504 1054 1552 istud
1062 1502 1144 1566 procis
1154 1503 1263 1560 nullom
1278 1506 1325 1556 eci·

223 1565 278 1612 licet
294 1564 369 1612 omnir
379 1567 443 1614 color
455 1566 521 1628 ignit
531 1567 660 1628 perimetur
668 1567 761 1615 omuino
774 1582 854 1630 rrrqne
866 1571 896 1616 od
912 1568 1024 1627 rituum,
1040 1573 1064 1615 et
1074 1571 1164 1615 eructo
1180 1580 1220 1614 reu
1230 1581 1324 1630 procre-

223 1627 327 1676 amatur
341 1641 372 1676 ec
382 1629 465 1678 nilrilo.
500 1631 598 1679 Etenim
613 1630 723 1692 idemne,
739 1633 799 1694 quod
810 1637 917 1680 mutatur
937 1639 964 1680 et
981 1633 1104 1693 egreditur·
1119 1646 1131 1679 e
1150 1631 1265 1679 limititue
1274 1647 1323 1681 σιω

223 1698 332 1746 metune.
347 1691 463 1758 mbitofit
474 1694 646 1754 interimetur
657 1695 747 1756 ipeiue,
757 1694 970 1757 coustituetur
987 1701 1058 1758 utque
1067 1697 1125 1744 odeo
1133 1699 1225 1756 oportet
1232 1695 1324 1758 olipulrl

223 1754 368 1804 inmutabile
446 1771 495 1805 eree
513 1757 562 1806 illie
571 1758 657 1818 rebue‚
674 1773 732 1820 qum
749 1759 891 1820 intereunt,
906 1775 936 1808 ne
951 1775 991 1808 rer
1001 1765 1091 1808 cuncte
1109 1763 1260 1808 reuertentur
1276 1759 1324 1808 titt

223 1819 360 1868 onnirood
391 1820 397 1832 '
416 1820 422 1830 '
472 1821 1241 1885 ,etuenultitudormitmmrmecutoretcigectdcrriltr'lo.
1265 1823 1324 1872 doru

223 2001 315 2047 mutere
336 1997 413 2047 Viud.
429 1999 505 2048 cent.
534 2013 627 2048 more
646 1999 771 2063 Gottorp.
791 1999 823 2053 fr.
843 2002 917 2050 Voer.
937 2002 968 2050 1..
979 2001 1012 2050 B.
1030 2001 1098 2050 Mur.
1117 2001 1150 2050 B.
1168 2004 1192 2049 l.
1210 2004 1235 2049 2.
1247 2003 1272 2050 t.
1289 2001 1324 2052 V.

224 2075 305 2125 marg.
317 2065 339 2110 l.
355 2077 459 2112 meruere
470 2063 543 2113 Ferr.
552 2064 628 2112 eaor.
640 2064 674 2114 0.
685 2080 788 2114 mmmm
797 2067 828 2116 P.
840 2067 871 2115 V.
881 2066 922 2114 erl.
932 2065 980 2114 Tlr.
994 2065 1041 2114 lle.
1053 2064 1113 2114 ΑΜ.
1125 2063 1227 2128 Gryph.
1241 2065 1323 2114 Nord.

223 2126 284 2175 Ber.
300 2126 439 2175 mireoreV.
452 2141 533 2187 marg.
544 2131 568 2176 2.
585 2128 805 2193 meguinieoreque
817 2145 864 2192 pro
882 2131 974 2190 elingui
996 2134 1131 2192 mutareque
1147 2129 1221 2178 Voee.
1237 2135 1324 2178 vet.-

222 2193 271 2238 tou
288 2188 368 2239 naua:
381 2189 419 2239 ric
430 2190 508 2240 Viud.
517 2191 548 2239 V.
557 2189 600 2241 ed.
614 2193 685 2240 l'err.
698 2194 743 2242 Th.
754 2195 801 2244 Re.
810 2194 884 2244 Bodl.
895 2195 969 2243 Vom.
980 2201 1031 2242 vet.
1044 2203 1071 2242 et
1083 2195 1111 2241 l.
1123 2193 1155 2240 B.
1164 2191 1198 2242 0.
1211 2192 1280 2241 Mur.
1290 2193 1323 2242 B.

224 2257 281 2304 l.2.
291 2257 316 2303 8.
327 2255 403 2304 Ceut.
412 2254 459 2303 ullo
471 2255 531 2318 Bip.
548 2253 617 2304 Her.
632 2257 728 2320 Delph.
747 2259 795 2306 iore
806 2258 861 2308 Gis.
874 2272 954 2321 marg.
968 2257 1068 2321 Gryph.
1078 2258 1107 2306 l’.
1119 2255 1234 2304 unuBm.
1243 2269 1323 2320 marg.

223 2317 284 2368 Ald.
301 2319 403 2368 reMue.
415 2319 447 2367 B.
460 2324 482 2368 l.
498 2333 567 2380 perce
578 2319 654 2368 Cant.
672 2327 790 2384 reportent
804 2323 858 2372 Gis.
870 2323 901 2371 P.
922 2323 947 2370 iu
970 2331 1024 2371 uot.
1041 2324 1162 2383 receptant
1180 2321 1323 2370 Vosmet.

224 2382 256 2430 P.
275 2383 300 2431 iu
320 2389 375 2432 not.
391 2386 510 2444 receptent
527 2382 627 2446 (tryph.
652 2385 748 2447 Delplr.
769 2387 852 2434 Nard.
876 2385 942 2435 Mor.
962 2387 1021 2434 Bur.
1044 2385 1136 2434 Helm.
1159 2387 1183 2434 2.
1210 2389 1324 2446 perorent

223 2445 324 2509 Gryph.
336 2460 416 2510 marg.
429 2444 488 2496 Ald.
503 2461 599 2508 parcere
607 2452 704 2510 portent
715 2448 819 2511 quidum
831 2449 908 2498 codd.
932 2449 963 2496 P.
980 2463 1076 2510 parcere
1096 2453 1180 2510 potent
1195 2448 1229 2496 V.
1242 2461 1324 2512 marg.

223 2513 246 2559 l.
261 2516 331 2572 purte
342 2515 463 2572 reportent
475 2509 506 2558 V.
519 2525 600 2624 mnf.
611 2513 717 2561 2-669
735 2513 828 2562 Occidit
845 2513 878 2562 V.
898 2513 939 2562 erl.
961 2513 1010 2560 Th.
1034 2512 1083 2560 Rc.
1105 2511 1183 2560 Bodl.
1207 2512 1233 2559 in
1250 2511 1324 2559 mirer

223 2573 299 2623 cam.
310 2573 424 2632 funditur
435 2573 560 2637 Gotlorp.
585 2590 603 2624 r.
611 2575 685 2626 Vom.
695 2577 723 2624 1..
734 2576 766 2626 B.
778 2577 823 2624 red
833 2591 899 2626 corr.
917 2575 987 2624 orbor·
1000 2575 1072 2624 Vors.
1090 2583 1143 2623 ret.
1159 2573 1205 2622 red
1222 2588 1324 2623 corr.-

223 2641 272 2686 oto
289 2641 320 2696 et,
330 2639 405 2687 decet
416 2637 492 2688 Bodl.
504 2639 573 2688 Mus.
585 2639 616 2688 B.
627 2643 652 2688 2.
668 2655 699 2689 ex
711 2639 785 2690 deest
797 2639 961 2702 (loliorum.
1010 2645 1035 2688 nt
1049 2638 1212 2688 Νικὼ-671
1229 2643 1324 2686 motuu-

222 2706 273 2751 lem
282 2703 405 2766 Gottorp.
417 2700 450 2751 ir.
464 2703 495 2752 V.
508 2703 549 2751 ed.
561 2703 635 2751 vom.
646 2703 678 2754 1..
690 2705 720 2752 B.
732 2705 804 2758 Ferr.
814 2705 863 2754 Th.
875 2705 924 2752 liu.
962 2719 1012 2778 ¹ur.
1031 2703 1096 2751 lit.
1113 2699 1205 2750 cedibus
1225 2701 1276 2749 exit
1289 2701 1323 2751 V.

222 2767 1072 2893 turin-utusitti.uelut-..laterumt:
1083 2763 1324 2878 intellude

223 2894 291 2942 ΕΒ.
308 2895 376 2943 llius.
388 2895 419 2945 B.
431 2899 455 2944 l.
467 2898 492 2944 8.
505 2896 577 2943 Ferr.
590 2894 651 2942 Alo.
665 2893 720 2944 Git'.
739 2897 800 2944 Pur.
812 2896 913 2960 Gryph.
934 2895 1028 2956 Delplr.
1045 2896 1108 2942 Bes.
1132 2892 1222 2942 Lamb.
1242 2893 1324 2943 Nurd.

224 2958 317 3019 reliqui
327 2966 414 3008 autem
431 2959 481 3008 olli.
492 2957 675 3008 Velefi-titt
693 2960 767 3007 nilum
776 2958 836 3010 niu.
847 2960 907 3022 Bip.
917 2959 1015 3022 Delph.
1028 2959 1178 3008 llum-075
1195 2973 1239 3020 que
1249 2955 1324 3007 deest

222 3021 255 3070 V.
268 3021 310 3070 ed.
326 3022 400 3071 nitito
414 3027 471 3072 nutu
482 3024 607 3072 recirercot
627 3022 703 3073 Bodl.
718 3024 820 3074 virescet
841 3025 965 3088 Gottorp.
989 3021 1022 3073 ir.
1034 3023 1107 3073 Voce.
1118 3029 1170 3072 ret.
1181 3030 1208 3072 et
1219 3021 1247 3070 1.
1257 3021 1324 3070 B.-

719 3147 826 3199 NOTAE

221 3243 292 3304 cillo,
303 3242 328 3292 in
340 3258 424 3294 rernm
437 3245 610 3296 concretione.
628 3289 632 3296 .
827 3251 875 3296 673
901 3244 1028 3309 incolome]
1060 3243 1235 3307 immutabile,
1255 3237 1324 3307 quod

254 3318 366 3383 Stingui]
381 3319 504 3382 Interim,
516 3322 636 3371 desinere
648 3335 704 3371 esee
716 3321 754 3383 ig·
795 3320 880 3384 frangi
893 3335 923 3370 ec
932 3321 1154 3383 mutarinequeut.

222 3409 278 3456 uer,
289 3397 314 3445 iu
327 3395 395 3445 eliud
406 3411 500 3462 corpor
512 3399 613 3446 moleri
828 3395 900 3458 Oltis]
917 3395 1034 3460 Antiqua
1048 3395 1163 3457 scriptio,
1174 3408 1222 3457 pro
1239 3396 1247 3423 ‘
1258 3393 1326 3444 illic·

255 3469 495 3536 Mulurrpueeorpur]
514 3475 640 3523 Naturam
649 3474 753 3536 igneum
794 3473 866 3536 Virg.
879 3471 934 3520 diu.
946 3485 963 3519 r.
982 3469 1058 3520 ‘Olli
1067 3469 1221 3529 subridenr‚'
1232 3472 1281 3520 &c

222 3548 353 3610 emittere,
365 3555 393 3597 et
404 3549 480 3598 aliem
492 3551 586 3599 rortiri.
604 3549 654 3597 Alii
664 3550 754 3612 legunt
826 3551 875 3596 ott
893 3545 1003 3594 Nitilum
1013 3542 1125 3616 [illitum]
1142 3543 1268 3605 Nihilum,
1277 3543 1326 3592 ric·

221 3639 334 3685 meere,
346 3626 418 3689 qurerl
430 3625 556 3674 solidare:
575 3625 649 3674 mule.
795 3631 825 3672 nt
843 3621 918 3684 ‘nil‚'
938 3629 964 3670 et
980 3620 1087 3669 ‘nihilr'
1109 3619 1147 3669 ite
1167 3619 1285 3680 ‘nlluun’
1297 3626 1326 3668 et

253 3704 302 3750 ote
320 3701 409 3750 Fecere
421 3700 459 3763 ld]
475 3701 533 3750 Hoc
545 3707 595 3762 eet,
604 3701 681 3764 lgueo
692 3701 754 3750 etin·
794 3695 931 3746 ‘nilrilum’
944 3701 1051 3756 usurpet
1062 3694 1206 3744 Lucretius.
1217 3709 1254 3742 ue.
1266 3697 1323 3744 206.

223 3776 265 3838 gui
275 3775 300 3824 in
312 3783 392 3837 coctu,
401 3783 428 3824 et
440 3781 540 3824 mutere
551 3785 657 3838 corpus.
795 3773 852 3822 Nisi
872 3785 918 3834 pro
929 3770 1058 3834 Spondeo
1069 3769 1184 3832 posuerit
1199 3768 1326 3833 Anrpaee·

256 3851 389 3913 Reporeerrt
409 3849 566 3914 [Receptent]
595 3851 754 3912 Concedunt,
795 3854 860 3908 tum,
888 3861 981 3910 nempe
1013 3846 1128 3908 nllrllllm,
1156 3859 1204 3908 pro
1230 3847 1324 3908 uillrm;

221 3926 316 3989 velint,
325 3926 472 3976 admittent.
484 3925 538 3975 Aur
546 3927 753 3991 reperentquart
794 3922 862 3987 quod
873 3921 923 3983 ipsi
933 3919 1059 3969 familiare
1071 3927 1121 3969 est.

222 4016 273 4052 nou
284 4011 402 4067 parcent,
414 4017 464 4051 nou
477 4001 669 4067 improbabunt.
692 4002 754 4064 Alii,
826 3999 876 4046 tlt
894 3997 963 4044 Nunc
973 3995 1060 4056 igitur,
1071 3996 1188 4058 quonium,
1198 3995 1253 4060 tre]
1276 3995 1326 4046 ilie

220 4085 343 4142 pur-orent.
796 4079 836 4123 lo.
849 4085 899 4120 rer.
918 4073 1068 4120 continetur
1085 4083 1123 4120 iv.
1144 4080 1325 4134 argumentum

255 4157 302 4202 utl
321 4153 396 4215 Num,
410 4154 594 4217 quodquompue,
611 4151 666 4217 tro]
683 4153 718 4204 lll
730 4156 755 4203 l.
795 4149 920 4198 edremue
940 4147 1112 4198 Heraclitum.
1144 4147 1253 4196 Scilicet
1264 4163 1325 4197 con·

224 4243 273 4280 ree.
290 4238 446 4294 repetuntur
456 4246 494 4282 m.
505 4234 562 4283 ⁷92.
796 4228 878 4279 cludit
890 4227 975 4278 Polite
985 4239 1121 4290 eupereete
1132 4225 1210 4276 rebue
1221 4239 1325 4290 corpur-
