3038 4864
214 457 217 464 ‚
268 387 312 454 34
609 397 815 451 orosrsrus
838 395 1035 451 clusinus

199 573 207 584 ·
268 547 414 631 iugenio,
446 550 572 628 quante
599 545 645 611 sit
672 545 827 612 carminis
855 546 900 611 ab
932 565 974 612 eo
1002 546 1120 631 scripti
1145 548 1293 631 gravitas
1325 567 1369 615 ac

269 647 441 733 majestas,
456 652 599 733 quantus
611 654 757 727 ornatus,
773 667 873 733 quam
884 647 1014 733 pulchri
1024 654 1059 714 et
1075 649 1229 734 praeclari
1239 670 1370 728 versus,

269 754 397 835 quante
409 751 571 816 sermonis
586 751 761 835 elegantia,
775 751 973 828 mundities,
987 751 1173 834 integritas,
1193 756 1308 837 atque,
1328 761 1370 818 ut

268 852 320 916 ita
340 851 462 932 dicem,
485 854 622 932 sanitas,
645 873 723 918 oum
747 872 864 920 omnes
887 853 1020 932 eruditi,
1047 854 1107 938 qui
1126 851 1227 919 bodie
1241 855 1369 934 vivunt,

268 956 467 1038 intelligunt,
500 963 570 1022 tum
595 955 653 1040 qni
675 959 805 1041 patrum
827 963 1016 1021 nostrorum
1040 961 1143 1020 aetate
1177 955 1370 1036 floruerunt,

268 1079 309 1126 eu
331 1059 479 1126 maxime
501 1061 722 1142 declararunt,
742 1059 832 1145 quod
844 1060 934 1126 bunc
948 1059 1084 1145 politam
1098 1061 1262 1145 inprimis
1276 1079 1370 1128 uma-

268 1161 352 1228 bant
367 1181 408 1228 ec
421 1161 627 1230 lectitabant.
671 1161 738 1229 Sed
753 1161 950 1241 ultimeilla,
958 1167 993 1228 et
1000 1163 1147 1229 maxime
1167 1163 1368 1244 venerande,

267 1267 384 1348 utpote
405 1265 555 1334 nondum
577 1265 757 1351 peregrinis
781 1265 938 1332 sordibus
959 1265 1074 1345 oblita,
1092 1267 1286 1352 antiquitus,
1301 1285 1368 1332 nou

269 1367 413 1434 obscure
439 1367 475 1432 id
501 1367 714 1452 significavit.
758 1366 885 1452 Atque,
908 1367 963 1456 (ut
985 1369 1030 1434 ab
1060 1367 1126 1434 hoc
1154 1371 1368 1455 potissimum

268 1471 399 1539 initium
428 1465 577 1554 sumam)
599 1489 702 1554 quem
730 1469 815 1536 bene
840 1469 1040 1536 existimarit
1064 1471 1107 1536 de
1126 1470 1191 1537 boc
1210 1471 1368 1555 polimete

262 1576 316 1657 Q.
329 1575 461 1642 Tullius
475 1571 607 1651 Cicero,
624 1571 736 1639 Marci
749 1573 860 1651 inter,
874 1572 974 1638 bomo
986 1573 1196 1639 subtilissimi
1221 1593 1262 1640 ec
1283 1574 1370 1660 poli-

269 1677 393 1744 tissimi
412 1674 547 1761 judicii,
571 1674 721 1741 declarat
746 1673 857 1740 Murci
882 1675 1023 1741 adeum
1045 1674 1191 1760 epistola
1213 1675 1300 1742 libro
1327 1691 1368 1741 rr.
1458 1667 1465 1682 '

272 1779 490 1866 epistolarum
506 1775 605 1856 adQ.
620 1775 678 1842 Fr,
692 1795 867 1862 perquam
882 1776 934 1842 sic
958 1777 990 1841 ei
1012 1775 1183 1843 rescribit:
1200 1776 1371 1843 ‘Lucretii

270 1881 442 1967 poemata,
468 1887 506 1945 ut
535 1881 666 1960 scribis,
688 1879 738 1947 ita
766 1882 866 1946 suut:
897 1878 1011 1945 multis
1039 1879 1162 1962 ingenii
1189 1879 1371 1946 luminibus

252 1984 394 2062 tincta:
415 1984 530 2051 multe
552 1991 665 2050 tumen
686 1985 787 2049 etiem
807 1982 911 2048 erlis!
946 1980 1036 2061 Quo
1058 1985 1172 2067 potest
1197 1981 1274 2048 laus
1299 1979 1371 2048 ullu

270 2085 441 2171 po'ematis
463 2107 538 2153 esse
563 2087 692 2173 maj0rl
716 2085 906 2152 Homerum
926 2083 1068 2153 laudent
1089 2103 1204 2151 omnes
1227 2092 1370 2164 veteres,

271 2193 310 2256 ut
329 2189 551 2274 ingeniosum,
570 2197 606 2255 et
628 2189 739 2255 omnia
755 2188 993 2274 :perficientem
1006 2193 1125 2254 nature
1138 2189 1371 2274 potiusquam

265 2297 361 2368 rane:
384 2297 497 2358 contra
509 2291 665 2358 laudatur
679 2291 854 2376 Virgilius,
878 2291 968 2376 qood
979 2292 1014 2356 in
1028 2291 1162 2376 euplus
1176 2292 1220 2357 sit
1239 2293 1322 2358 artis
1336 2299 1372 2358 et

271 2393 454 2474 industrie,
484 2399 611 2462 uaturae
633 2400 667 2461 et
689 2395 813 2480 ingenii
836 2395 955 2461 minus.
998 2392 1048 2461 At
1062 2393 1237 2461 Lucretius
1258 2399 1372 2477 noster

270 2504 415 2584 unoque
436 2497 537 2577 valet,
553 2504 652 2585 atque
678 2497 829 2576 excellit,
850 2505 935 2576 erte,
957 2496 1106 2582 inquam,
1129 2503 1166 2562 et
1191 2504 1321 2590 nutura,
1335 2501 1373 2562 ut

270 2601 406 2687 quidem
432 2602 477 2683 Q.
500 2601 634 2672 'lbllius
647 2599 777 2680 Cicero,
793 2601 848 2666 eui
862 2599 1003 2668 Murcus
1019 2601 1216 2679 assentitur,
1230 2600 1370 2666 iudicat.

271 2703 364 2784 Quid
380 2711 445 2785 est,
461 2704 551 2791 quod
567 2705 707 2772 aliorum
718 2701 852 2788 judicia
863 2701 1124 2768 auttestimouia
1134 2701 1370 2786 rcquiramus'l

270 2805 322 2870 lli
332 2807 581 2875 duomultcrum
592 2805 689 2872 nobis
700 2803 836 2871 testium
846 2803 954 2869 instar
962 2821 1036 2870 esse
1045 2808 1200 2887 possunt
1227 2801 1370 2870 Verum-

269 2913 381 2974 tumen
410 2909 469 2975 elii
501 2927 634 2993 quoque
656 2913 759 2974 testes
783 2907 986 2973 citabuntur.
1029 2904 1083 2971 Ac
1112 2906 1259 2972 secundo
1289 2925 1371 2973 saue

269 3011 347 3079 loco
362 3013 478 3078 citetur
488 3011 667 3078 Cornelius
675 3010 814 3097 Nepos:
837 3011 935 3095 cujus
949 3012 1053 3078 verba
1067 3027 1114 3076 cx
1129 3012 1198 3079 vita
1212 3010 1254 3077 Τ.
1271 3011 1370 3078 Pom-

206 3171 207 3174 ,
270 3116 365 3200 ponii
386 3112 494 3180 Attici
515 3114 620 3200 paulo
643 3119 718 3178 ante
737 3113 948 3198 protulimus,
962 3132 1013 3193 ea,
1038 3114 1162 3199 quibus
1188 3114 1368 3198 significet,

194 3211 199 3222 '
270 3217 460 3284 Lucretium
481 3216 518 3282 in
540 3217 800 3302 elegantissimis
823 3216 897 3281 sna:
923 3217 1043 3282 aeuus
1063 3216 1176 3300 politis
1204 3235 1281 3282 csse
1306 3235 1369 3282 uu-

270 3319 475 3387 mereudum.
521 3319 652 3388 Tertius
673 3317 874 3405 producetur
912 3317 1066 3398 Ovidius,
1090 3317 1189 3402 cnjus
1226 3319 1263 3384 bi
1286 3324 1365 3386 sunt

268 3441 409 3490 versus:

421 3523 580 3592 Carmina
593 3525 699 3591 diuini
714 3533 788 3591 tum
802 3532 878 3591 suut
893 3525 1042 3614 peritura
1054 3525 1196 3604 Lucreti,

463 3629 578 3696 Exitio
593 3634 696 3694 turres
710 3647 787 3694 cum
802 3629 897 3696 dabit
909 3648 979 3698 uua
992 3629 1079 3694 dies.

270 3731 428 3818 Ejusdem
443 3739 521 3798 suut
534 3737 566 3797 et
579 3732 637 3798 bi:

419 3833 582 3919 Explicat
596 3840 632 3900 ut
645 3853 768 3900 causes
780 3834 892 3921 rapidi
907 3833 1087 3900 Lucretius
1100 3833 1200 3916 iguis,

461 3935 691 4023 Casurumque
705 3939 830 4024 triplex
843 3939 1043 4006 vaticinetur
1056 3955 1163 4023 cpus;

418 4039 476 4105 Sic
491 4058 555 4105 suu
567 4041 696 4106 lascivo
711 4046 843 4106 cuneta
857 4045 909 4105 est
923 4059 1017 4123 saepe
1028 4037 1162 4104 Getullu

464 4141 627 4221 Foemiua,
641 4144 698 4208 cui
710 4143 832 4208 fulsum
847 4143 972 4207 lesbia
984 4161 1108 4206 nomen
1123 4145 1206 4206 eret.

268 4243 396 4312 Gitetur
420 4251 564 4330 quartus
584 4243 779 4311 Vitruvius:
799 4243 908 4330 ¹cujus
932 4243 1008 4310 beec
1022 4243 1127 4309 verbu
1140 4251 1219 4310 suut
1232 4241 1292 4309 lib.
1308 4257 1365 4310 tx.
