3038 4864
242 359 288 430 θ
557 369 765 424 urosusros
786 369 983 424 usurinur

242 467 1356 604 worumnus-munumaeumtojmmumm‘

242 621 363 711 κόπρον
382 621 520 700 serint,
541 623 698 700 rmibunt,
722 639 800 688 enm
824 622 891 688 sibi
905 622 1017 706 ipsum
1030 640 1149 688 munus
1162 621 1338 688 musso:

242 725 413 796 ammoto
427 725 520 802 vitm,
528 723 618 810 qnod
630 724 777 809 putrium
785 741 882 790 suum
893 723 1085 800 ambitione,
1096 723 1251 800 estufin,
1261 724 1337 790 lux·

241 831 327 908 urie,
350 827 751 906 disoordinotsimilibus
764 827 951 904 ciritutum,
963 846 1042 912 quse
1061 827 1120 892 din
1142 825 1335 906 nummu,

243 941 280 1000 ot
297 933 372 1018 jum
388 937 578 1008 meunt,
593 929 720 996 morbis
734 935 879 996 mstnsre
892 935 993 1014 utque
1008 927 1166 996 afflictari
1190 927 1337 995 viderotr

244 1034 306 1104 ulii
323 1034 518 1120 artronum
540 1031 654 1111 enimi,
676 1030 767 1116 qnod
790 1030 943 1096 Memmii
967 1031 1034 1108 sni,
1058 1031 1118 1115 qni
1142 1031 1339 1098 inexilium

243 1139 365 1224 prius
390 1143 472 1220 eret,
495 1138 621 1204 tristem
643 1153 760 1202 omnm
774 1153 878 1218 seqno
893 1133 1187 1200 onimolerrenon
1199 1139 1336 1218 posset:

244 1242 303 1308 ulii
317 1243 428 1308 lurore
440 1239 617 1326 percitum,
630 1239 666 1303 in
679 1258 779 1322 quem
792 1237 935 1316 Luciliu,
946 1239 1019 1304 sive
1032 1256 1121 1305 uxor
1133 1238 1208 1302 sire
1219 1237 1340 1314 umes,

244 1344 407 1410 amatorio
431 1342 552 1428 poonlo
576 1349 840 1424 portentosum
858 1340 1056 1424 imprudens
1079 1339 1249 1422 adegerat,
1264 1359 1340 1404 cum

244 1447 288 1512 ub
302 1465 345 1512 oo
358 1446 476 1524 umeri,
490 1463 559 1510 nun
571 1443 604 1508 ei
618 1461 735 1510 nouem
750 1441 880 1520 inferre,
899 1449 958 1510 unt
978 1445 1098 1510 bonam
1111 1451 1256 1510 mentem
1269 1441 1340 1508 udi·

244 1549 468 1628 mere,vollot.
512 1545 683 1626 Quoniam
703 1553 819 1612 nutem
842 1545 886 1612 de
909 1565 1047 1614 numero
1060 1545 1217 1614 hbrornm
1232 1563 1340 1611 onos-

243 1657 295 1718 tro
318 1650 423 1735 polito
443 1649 646 1733 scriptorum
671 1649 821 1716 nonnulli
851 1649 1057 1728 dubitnrunt,
1082 1657 1130 1728 et,
1157 1649 1338 1718 levissimis

243 1751 446 1836 argumentis
465 1749 616 1829 adducti,
635 1751 756 1835 plnres,
783 1770 885 1836 quum
899 1771 974 1829 sex,
990 1753 1035 1819 ab
1049 1771 1091 1818 eo
1106 1753 1252 1837 scriptos
1265 1771 1340 1818 esso

245 1854 494 1934 existimarunt,
509 1853 641 1922 videtur
650 1854 705 1922 bio
719 1873 808 1923 error
821 1854 1030 1934 minuendus,
1045 1859 1144 1938 utque
1156 1854 1231 1920 boo
1244 1854 1342 1922 dubi·

246 1957 332 2022 tetio
346 1955 505 2024 tollendo.
548 1956 694 2026 Omnino
702 1957 805 2042 igitur
817 1977 882 2024 sex
893 1958 1001 2024 libros
1016 1959 1182 2024 duntaxat
1191 1957 1234 2022 de
1245 1965 1341 2022 natu·

246 2075 286 2124 ro
299 2077 404 2124 rernm
418 2060 555 2146 scripsit
575 2059 616 2126 Τ.
639 2059 816 2128 Inorebue
839 2058 957 2128 Gerus.
999 2059 1106 2147 Cujus
1121 2059 1171 2125 rei
1186 2080 1262 2126 oum
1276 2061 1342 2126 sint

245 2159 328 2226 mibi
346 2161 408 2226 illo
432 2181 566 2248 quoqne
588 2168 783 2246 arguments
805 2182 875 2229 non
896 2163 1073 2242 inbocssh,
1091 2161 1342 2249 primumquod

246 2261 469 2330 Gmmmotiei
490 2269 629 2342 veteres,
651 2263 775 2348 aliique
804 2265 1001 2350 scriptores,
1032 2265 1166 2344 Festus,
1195 2265 1342 2344 Nouius,

247 2365 446 2444 Diomedes,
461 2365 666 2445 Priscianus,
682 2366 828 2446 Probus,
836 2366 999 2446 Carisius,
1012 2367 1183 2444 Donatus,
1193 2369 1342 2447 Servius,

245 2467 479 2548 Tertullianus,
493 2469 680 2548 Arnobins,
695 2469 907 2550 Instantius,
921 2469 1049 2536 nullum
1062 2469 1209 2537 Inorotii
1222 2471 1343 2538 librum

247 2572 335 2638 ultro
348 2580 482 2640 sextum
496 2581 766 2654 commemorant,
781 2573 940 2658 nulloque
955 2593 1001 2640 ex
1016 2574 1089 2660 ejus
1101 2574 1199 2653 libro,
1210 2585 1344 2658 praeter-

247 2695 398 2760 quumex
412 2691 438 2743 ι.
454 2691 494 2742 ιι.
510 2692 567 2741 111.
584 2693 635 2742 ru.
652 2693 687 2742 v.
706 2675 1200 2761 v1.tostimuniumproserunt;
1225 2677 1343 2744 deinde

246 2778 336 2862 qnod
349 2777 479 2846 bissex
492 2778 586 2846 libris
605 2779 689 2847 solis
711 2785 785 2846 tote
806 2779 947 2864 Epicuri
972 2780 1071 2860 rutio,
1096 2781 1272 2861 sententis,
1302 2801 1343 2848 no

250 2877 412 2960 necuim,
433 2900 512 2965 quae
538 2881 671 2966 quidem
692 2881 735 2948 ud
758 2889 885 2950 nstrum
893 2883 1149 2967 explicationem
1169 2883 1345 2968 portinent,

248 2979 448 3058 continetur,
455 2999 564 3064 nequo
573 2981 751 3067 quicquum
762 2985 919 3068 amplius,
929 2985 1023 3069 quod
1034 2985 1113 3071 quis
1123 2983 1165 3050 de
1177 3005 1220 3051 es
1233 2985 1345 3051 dloere

248 3089 361 3166 quest,
376 3081 539 3168 reliquum
554 3091 629 3166 αῖς
651 3091 686 3150 et
697 3091 812 3152 tumen
823 3088 929 3154 multu
943 3089 985 3155 du
1000 3091 1217 3170 continentia,
1229 3095 1346 3176 etpur·
1385 3091 1389 3097 “

175 3183 183 3200 ’
247 3183 389 3250 simonio
402 3185 435 3250 in
449 3184 552 3268 vieto,
566 3185 609 3252 dn
622 3187 803 3253 honoribus
817 3192 1077 3272 oontomuonrlis,
1097 3193 1141 3259 do
1162 3193 1299 3258 luxurie
1310 3200 1346 3260 ot

247 3285 390 3352 mollitio
408 3289 627 3373 aspernando,
645 3295 679 3356 et
703 3290 746 3356 do
770 3293 890 3358 ueteris
914 3295 1013 3360 robus
1031 3295 1075 3362 ud
1096 3295 1344 3381 philosophiam

247 3389 404 3456 moreium
418 3391 662 3474 pertinentibus
675 3393 859 3479 uooodnnt;
880 3403 950 3466 tum
964 3399 1077 3483 ipsius
1088 3401 1237 3465 auctoris
1252 3399 1346 3466 testi·

247 3491 409 3571 monium,
431 3495 617 3578 ogumenri
638 3498 786 3564 omnium
804 3499 986 3566 firmissimi
1000 3501 1069 3567 vim
1084 3509 1122 3568 et
1134 3501 1245 3568 looum
1260 3501 1348 3568 obti-

246 3613 325 3662 uero
348 3594 458 3664 dohet
500 3595 560 3664 Sic
585 3599 686 3682 igitur
710 3599 890 3668 Inorobns
903 3603 961 3669 lib.
979 3621 1029 3668 vr.
1045 3606 1081 3670 in
1094 3605 1274 3689 prooemio,
1300 3601 1345 3670 nd

250 3707 335 3763 extr.
348 3717 400 3764 rr.
412 3697 467 3762 91.

331 3799 386 3866 'lh
399 3800 492 3880 mihi,
507 3821 673 3886 supremo
686 3807 887 3892 proscripto
900 3807 945 3876 ud
960 3808 1106 3875 cmdida
1119 3809 1227 3876 culcis

334 3901 498 3982 Conanti,
511 3905 658 3988 spatium
674 3917 906 3991 praemonstro,
919 3911 1045 3979 oullidu
1060 3911 1174 3978 hiuma.

247 4001 339 4084 Quid
353 4004 440 4072 enim
454 4005 549 4071 uliud
562 4007 740 4090 signifieat,
755 4031 858 4095 quum
871 4013 992 4079 librum
1007 4021 1142 4081 sextum
1157 4035 1230 4094 suto
1241 4018 1347 4086 totins

247 4105 291 4172 do
304 4111 425 4172 nature
438 4125 544 4176 rurum
558 4105 805 4194 disputationis,
819 4115 999 4201 operisque
1015 4137 1038 4183 u
1053 4137 1090 4184 ss
1106 4122 1255 4206 suseepti
1268 4139 1348 4188 osso

245 4209 431 4292 fastigium,
445 4216 482 4276 ot
494 4209 597 4278 veluti
611 4217 796 4282 orhemum
808 4219 861 4284 roi
874 4217 1000 4286 loboris
1023 4227 1159 4302 motum,
1180 4223 1225 4290 ud
1239 4243 1344 4310 quum
