3038 4864
251 369 295 434 6⁰
595 381 798 451 annonam
824 379 1001 430 aaaronar

254 549 400 615 gravere,
412 547 513 614 quarn
524 527 570 593 ob
583 529 768 613 ignoratam
784 525 1024 614 perditamque·
1033 525 1165 592 demum
1180 525 1351 594 vomiinrn

255 653 309 710 tro,
324 639 358 698 et
371 631 406 696 rtt'
420 627 644 714 unumprimm'i
678 630 776 696 Idem
790 631 825 694 in
840 629 992 695 restituta
1005 650 1029 695 a
1041 636 1073 695 ie
1083 633 1190 696 voee‘
1204 630 1352 713 Μαρία]

256 751 307 798 ιι.
321 735 376 800 81.
392 736 545 801 observo.
589 733 684 799 Idem
700 734 735 797 in
754 731 876 797 ‘nuos’
891 738 925 796 et
941 731 1061 810 ‘suaa’
1090 732 1185 816 apud
1200 731 1300 810 alios,
1314 733 1352 796 in

256 837 370 902 ‘sois'
384 836 473 922 apud
484 837 645 903 Nostrum
657 837 768 913 etiam,
782 855 836 900 ox.
853 855 897 918 gr.
919 852 975 901 ιιι.
990 834 1088 902 1088.
1132 837 1204 901 Ant
1216 835 1352 900 enimin

257 936 636 1025 ‘oopta,'‘aoa,'‘ean,’‘
642 937 713 1016 sis:
725 936 1005 1014 transformantur,
1015 941 1074 1002 ant
1082 936 1200 1002 alienis
1209 936 1352 1002 vectum

256 1043 365 1109 locum
381 1043 499 1110 cedere
515 1050 687 1124 coguntur.
731 1040 810 1121 Quo
818 1043 930 1107 autem
939 1039 1158 1112 manifestius,
1167 1059 1244 1123 quoe
1255 1039 1346 1118 dieo,

257 1153 455 1230 appareant,
469 1144 557 1230 qnia,
574 1163 705 1228 quaeno,
716 1163 864 1230 unquam
879 1145 915 1208 in
927 1142 1070 1206 animum
1091 1141 1222 1208 induxit
1237 1161 1351 1220 snum,

258 1256 296 1314 nt
310 1255 370 1312 aut
392 1247 552 1326 ‘andem'
573 1247 709 1328 ‘odem’
723 1245 864 1324 ‘odem’
886 1245 977 1330 apud
993 1244 1186 1310 Lucretium
1199 1250 1347 1310 nostmm

257 1351 423 1429 scriberet,
429 1370 490 1434 pro
503 1349 683 1427 ‘eandem'
694 1348 849 1426 ‘eodem'
859 1351 869 1384 ‘
875 1346 1015 1422 eadem,'
1025 1348 1156 1431 quotiee
1167 1344 1352 1426 δισυλλάβως

259 1452 302 1518 ab
326 1473 367 1518 eo
390 1453 618 1536 usurpantur?
655 1453 704 1517 uti
724 1451 774 1530 iit,
799 1467 823 1514 ι.
841 1450 914 1515 481.
940 1467 988 1514 ιι.
1008 1449 1084 1515 748.
1104 1449 1268 1514 787847.
1292 1454 1353 1515 ant

258 1553 420 1632 ‘imdem,’
441 1551 649 1632 ‘undem’ve,
664 1553 743 1619 item
768 1552 917 1630 ‘oedem'
936 1551 1093 1628 ‘oedem’
1117 1550 1274 1627 ‘aedem'
1287 1571 1352 1635 pro

258 1655 440 1734 ‘eundem’
452 1655 617 1733 ‘eoadem’
628 1655 801 1733 ‘eosdem'
814 1654 990 1734 ‘easdem'
1002 1653 1032 1718 ai
1043 1655 1192 1721 similiter
1201 1671 1354 1718 ooonrre-

259 1759 355 1823 renti
408 1756 464 1821 Ne
487 1755 623 1841 quidem
648 1759 681 1823 in
704 1777 787 1822 voce
810 1756 1009 1835 ‘seorsum'
1037 1757 1137 1823 toties
1164 1757 1353 1841 dissyllaba

259 1859 350 1946 apud
373 1869 533 1938 nostrum,
559 1858 743 1944 quidpiam,
757 1859 848 1944 qnod
871 1879 935 1942 ego
958 1860 1076 1938 seiam,
1091 1867 1267 1943 propterea
1291 1861 1354 1924 im·

260 1964 434 2028 minutum.
477 1963 584 2029 Iidem
609 1971 719 2028 tamen
740 1963 801 2042 ilii,
819 1965 876 2047 qui
892 1963 1002 2028 illaesa
1019 1963 1086 2027 ista
1104 1964 1149 2028 ad
1167 1983 1231 2028 noa
1245 1969 1355 2028 manr-

261 2065 390 2146 mieere,
406 2067 441 2130 in
454 2069 597 2133 vocibus
619 2064 724 2130 ‘enm'
745 2072 778 2131 et
799 2063 912 2142 ‘eam,'
926 2082 1025 2148 quam
1050 2065 1159 2130 severi
1185 2067 1281 2132 sunt!
1311 2083 1355 2130 ne

261 2166 342 2249 qnid
357 2169 492 2250 gravius
515 2168 638 2234 dicam.
682 2167 762 2234 Non
788 2170 874 2234 enim
893 2169 958 2234 nisi
983 2175 1144 2236 trnnoatau
1169 2168 1213 2236 de
1237 2189 1354 2236 eornm

260 2269 413 2333 manibus
422 2269 568 2334 avolant.
592 2269 694 2335 Unde
708 2269 795 2334 ‘im'
809 2277 846 2334 et
859 2269 952 2336 ‘arn’
965 2271 1069 2336 etiarn
1078 2270 1168 2355 apud
1177 2271 1354 2349 Nostrum,

264 2385 320 2436 ιιι.
336 2373 411 2438 448.
425 2372 502 2440 878.
521 2389 568 2438 ιι.
589 2375 665 2440 907.
688 2375 824 2459 quoties
845 2371 1068 2457 μιιισυλλέβιις
1092 2373 1236 2440 aPoita
1257 2393 1354 2440 usur-

240 2481 396 2557 ·pantur.
443 2475 516 2560 Ego
536 2485 570 2542 et
587 2473 789 2556 ‘fluctuant'
811 2485 846 2545 et
869 2477 1087 2556 ‘fluitant,'et
1105 2474 1297 2561 ‘prohibet'
1319 2483 1355 2542 et

262 2578 428 2664 ‘coapta'
442 2587 476 2646 et
495 2578 680 2660 ‘eundem'
688 2588 722 2646 et
736 2581 893 2647 ‘eandem
904 2581 914 2608 ⁹
927 2587 961 2647 et
976 2577 1132 2646 ‘eodem'
1145 2587 1180 2646 et
1194 2577 1352 2660 ‘eadem’

260 2686 294 2746 et
321 2682 517 2762 ‘seorsum'
540 2685 674 2770 quoties
697 2685 886 2770 dissyllaba
910 2689 998 2762 anni,
1023 2682 1148 2748 ‘suos'
1171 2689 1294 2762 autern,
1319 2687 1354 2747 et

262 2785 388 2863 ‘suaa'
407 2793 440 2850 et
454 2786 563 2865 ‘suis,'
578 2794 613 2851 et
627 2785 746 2865 ‘eum’
768 2791 803 2852 et
816 2788 825 2820 ‘
836 2785 930 2864 eam,'
944 2793 976 2852 et
990 2786 1124 2867 similia,
1139 2787 1272 2871 quoties
1285 2805 1355 2851 mo·

264 2886 451 2969 nosyllaba,
474 2889 567 2954 nullo
589 2909 727 2972 prorsus
740 2889 931 2955 discrimino
945 2887 1100 2954 habenda
1117 2889 1146 2952 si
1167 2889 1353 2965 decernam,

263 2985 421 3069 numquid
438 3007 459 3052 a
473 2986 552 3052 vera
563 2990 625 3052 tibi
639 3009 841 3074 magnopere
856 2993 985 3056 ratione
1005 2990 1174 3057 deerrasse
1192 2991 1355 3057 videbori

263 3089 463 3172 prasertim,
479 3109 555 3154 cunr
571 3090 763 3157 Graeoorom
789 3095 886 3158 nobis
900 3097 1056 3180 exempla
1070 3098 1113 3160 ob
1134 3095 1252 3161 oculos
1275 3095 1355 3172 sint,

264 3190 354 3276 apud
369 3211 467 3276 qnos,
481 3197 518 3258 ut
532 3193 618 3258 alias
631 3195 794 3272 omittam,
815 3222 827 3257 ι
842 3197 970 3260 vocalis
985 3216 1051 3261 uon
1071 3196 1170 3261 modo
1191 3207 1228 3283 τῇ
1243 3223 1274 3273 ιι,
1294 3196 1356 3263 aad

263 3301 296 3358 et
308 3297 344 3381 ηῑ
357 3319 380 3357 ιι
393 3293 489 3379 (vide
503 3315 604 3380 quam
625 3297 740 3380 mandi
764 3319 805 3365 ac
819 3296 966 3383 sonoroe)
988 3301 1115 3385 passim
1134 3303 1355 3384 συιιιιφιιιιῑιιιι.

266 3392 362 3460 Unde
382 3403 415 3462 et
434 3398 568 3486 ἱιιἜςγ.
584 3401 632 3463 καὶ
646 3402 723 3484 Ἢμ.
738 3402 826 3486 opud
844 3402 928 3469 Heu.
946 3421 968 3467 ι.
986 3405 1019 3468 5.

349 3497 416 3562 ‘Pr'a
428 3501 480 3582 μὲν
495 3503 555 3588 γὰρ
570 3503 672 3587 βριάει,
689 3501 737 3589 ρἔ
752 3504 779 3566 δί
793 3503 931 3593 βριάοντα
943 3503 1096 3592 χαλέπιι.

265 3607 297 3667 et
311 3602 399 3686 apud
419 3603 521 3670 Hom·
534 3605 651 3670 Ὀδισσ.
668 3632 698 3668 ιι.
711 3607 765 3673 38.

349 3703 406 3786 Ἐξ
419 3705 508 3790 ἡμὶωι
521 3709 581 3798 γάρ
598 3721 670 3788 pant
687 3709 752 3773 κάκ’
769 3709 896 3794 ippotae

265 3806 347 3875 Atia
357 3811 399 3876 de
414 3819 507 3896 parte
522 3823 729 3901 quantopere
743 3815 777 3880 iu
789 3834 889 3882 vooea
904 3815 1093 3893 nonnullae,
1102 3815 1146 3880 ob
1160 3815 1358 3900 productam

265 3933 286 3974 ιι
302 3913 462 3994 vocalem,
486 3936 602 4001 puram
619 3938 720 4003 quam
737 3929 870 3998 vocent,
894 3917 1048 3983 saevitnm
1072 3917 1170 3982 fuerit
1183 3917 1274 4002 apnri
1291 3917 1358 3982 eie·

266 4016 450 4097 gentianum
468 4025 500 4084 et
511 4019 659 4105 leporum
677 4021 809 4087 Patrem
825 4023 1026 4099 Lucretium,
1042 4021 1161 4085 laoerae
1178 4019 1357 4085 earundem

266 4123 389 4195 vestes,
412 4125 445 4184 et
462 4124 558 4204 qnasi
571 4125 721 4201 exuvie,
741 4143 799 4208 per
816 4121 990 4188 variantes
1010 4121 1065 4187 hic
1083 4121 1153 4186 illio
1176 4121 1355 4187 lectiones

267 4241 404 4306 sparsae,
432 4216 528 4302 satie,
552 4225 682 4309 opinor,
709 4233 900 4292 monstrant.
943 4223 1042 4290 Vidit
1061 4225 1125 4289 hoo
1141 4225 1226 4310 jam,
1250 4225 1310 4290 sed
1324 4233 1359 4292 et
