3038 4864
540 375 590 428 nr
612 377 701 430 vrrs
726 377 917 432 cuceri-rr.
980 360 984 370 '
1229 371 1275 438 39

177 517 324 588 morcui
332 539 466 588 menum
475 527 705 610 numerique
714 523 914 608 ebsemre3
928 537 1038 612 usque
1050 523 1135 592 eden
1145 525 1270 598 nudum

177 642 314 709 prorsus
328 624 363 689 in
377 644 418 691 eo
430 625 550 697 eliense
563 645 675 712 cpcrae
689 627 869 710 uestigium
882 633 1060 714 comperet
1104 627 1273 696 Preteree

176 727 258 794 iicet
270 747 315 794 ex
334 727 448 794 multis
462 727 564 814 hujus
578 729 746 816 poematis
760 731 848 796 locis
862 730 950 796 hanc
964 729 1075 796 iecere
1089 731 1131 798 de
1147 733 1282 800 Lucre-¹

176 829 215 896 tii
228 829 342 896 enimc
355 831 595 917 conjecturem,
610 833 660 900 ite
673 853 748 900 eum
759 833 867 900 inisse
876 833 1068 913 enimetum,
1082 835 1132 902 ite
1144 837 1273 920 inspui-

177 929 241 998 fice
264 940 300 998 et
323 933 470 1016 gloriose
495 933 538 1000 de
563 953 601 1000 se
628 936 851 1014 existimasse,
865 935 1066 1024 itedeuiqne
1079 939 1134 1004 sui
1147 939 1275 1022 ingenii

175 1034 304 1101 viribus
318 1054 395 1102 esec
408 1036 584 1114 confisum,
596 1043 634 1103 nt
646 1036 752 1103 rideri
766 1038 873 1103 nollet
884 1037 962 1125 opis
973 1037 1095 1106 elicere
1116 1039 1273 1124 indigere.

178 1135 362 1204 Declsrnnt
382 1138 430 1216 id,
453 1138 545 1225 quod
569 1138 660 1218 dicc,
682 1157 802 1206 versus
816 1139 851 1206 hi
864 1140 920 1206 bis
934 1140 979 1206 rb
994 1159 1037 1208 ee
1056 1141 1175 1226 positi,
1190 1151 1230 1208 ut
1243 1159 1269 1208 ι.

180 1239 257 1306 995.
272 1245 306 1306 et
321 1255 371 1306 rr.
386 1241 418 1306 1.

263 1338 356 1408 Avia
370 1342 546 1410 Pieridum
560 1363 699 1429 peregre
714 1343 802 1423 loce,
816 1343 941 1410 nullius
956 1349 1033 1410 ente

261 1443 357 1512 Trite
371 1447 463 1513 sule:
480 1447 582 1531 J'nvet
593 1447 739 1532 integros
756 1446 916 1514 accedere
930 1446 1068 1526 ionicis,

260 1545 375 1634 Atque
387 1549 539 1616 beurim:
556 1549 722 1636 juretque
736 1567 847 1617 nevos
861 1549 1041 1636 decerpere
1053 1548 1165 1632 fleres,

261 1648 494 1737 insignemque
507 1671 583 1718 mee
598 1653 703 1738 cepiti
714 1657 828 1738 petere
840 1651 919 1718 inde
933 1663 1103 1734 cernuum,

262 1749 361 1818 Unde
373 1753 465 1838 prius
479 1754 562 1820 nulli
576 1755 720 1821 velarint
733 1761 888 1840 tempere
904 1752 1028 1834 Mese,
1042 1759 1102 1822 dc.

176 1860 213 1920 et
222 1852 269 1933 iri,
282 1855 368 1922 libre
382 1872 431 1922 ιν.
446 1855 563 1942 positi,
576 1858 614 1922 in
628 1859 803 1942 prooemio,
818 1877 867 1923 vs.
882 1857 935 1924 n.
949 1865 985 1924 et
999 1873 1023 1922 ι.
1037 1857 1115 1926 985.

262 1956 353 2023 Nem
368 1959 476 2024 veluti
491 1959 604 2043 pueris
616 1959 797 2040 absinthia,
810 1963 872 2026 tc.

261 2058 320 2125 Sic
334 2079 396 2142 epo
409 2079 511 2140 nunc,
525 2061 685 2146 queniam
699 2061 773 2128 brec
787 2062 877 2128 retie
891 2061 1084 2148 plerumque
1097 2061 1228 2129 ridetur

154 2233 160 2256 ·
260 2158 406 2228 Tristior
418 2183 506 2242 esee,
521 2163 646 2249 quibus
660 2183 726 2230 non
742 2169 795 2230 est
808 2169 962 2242 trectuts,
977 2170 1131 2250 retroque

263 2261 394 2348 Volgus
409 2265 616 2333 abherreteb
629 2267 715 2350 hec;
737 2267 830 2334 volui
845 2267 909 2334 tibi
923 2267 1170 2352 mundoquenti

261 2365 420 2434 Germine
436 2367 550 2435 Pierio
565 2370 730 2435 rationem
744 2389 913 2457 exponere
927 2376 1088 2449 nostram,

262 2467 307 2533 Et
320 2470 418 2554 qussi
431 2491 565 2538 musaee
580 2471 673 2538 dulci
687 2473 874 2556 contingere
886 2473 995 2540 melle.

173 2569 259 2638 ethi
273 2571 360 2638 libre
375 2573 505 2654 cedem,
521 2573 597 2640 180.

260 2673 363 2740 Nunc
378 2695 454 2760 nge,
467 2695 568 2761 quern
581 2675 680 2742 celeri
693 2683 787 2742 metu
801 2674 981 2741 simulecre
993 2675 1153 2753 serentur,
1166 2678 1226 2743 tre.

260 2777 454 2844 Sueridicis
468 2779 594 2864 potins,
608 2798 711 2864 quem
725 2779 838 2844 multis
853 2779 1021 2857 versibus,
1036 2778 1155 2844 edem:

260 2876 394 2945 Perrus
408 2889 448 2945 ut
461 2885 515 2946 est
529 2882 628 2964 cycni
640 2880 761 2946 melier
774 2898 889 2959 cuncr,
904 2879 962 2944 ilie
976 2897 1093 2964 gruum
1108 2897 1210 2966 quern

263 2979 410 3060 Glemcr,
425 2982 459 3047 in
473 2980 619 3048 retheriis
633 2981 807 3067 dispersm
820 2981 968 3047 nubibus
981 2981 1099 3048 austri.

174 3099 261 3166 ques
287 3101 401 3149 versus
430 3085 532 3152 iteret
553 3083 674 3150 ecdem
703 3083 802 3165 libro,
829 3103 880 3150 rs.
906 3083 984 3150 906.
1014 3103 1056 3150 ee
1081 3084 1170 3165 loco,
1199 3101 1268 3169 que

172 3181 251 3250 loco
274 3184 318 3250 de
342 3206 462 3254 somno
497 3185 658 3254 disserere
676 3193 793 3273 peret:
837 3193 873 3254 et
898 3185 945 3268 hi,
970 3202 1059 3270 quos
1083 3186 1144 3252 lib.
1157 3186 1203 3252 ri.
1217 3185 1271 3252 81.

173 3285 311 3370 posuit:

258 3389 371 3457 Mults
385 3397 496 3458 temen
509 3395 647 3470 restent,
660 3396 696 3457 et
708 3394 787 3456 sunt
800 3389 949 3458 ernende
962 3389 1080 3476 politis

144 3537 153 3556 .
262 3491 449 3560 Versibus:
470 3501 506 3560 et
519 3495 607 3560 ratio
622 3495 801 3578 Superum,
816 3494 963 3578 coeliquc
976 3491 1134 3571 tenende,
1149 3493 1209 3558 tic.

164 3579 379 3676 'Quomortis
389 3615 507 3680 genere
518 3597 689 3662 extinctus
701 3596 746 3662 sit
754 3595 944 3674 Lucretius,
952 3593 1087 3662 difficile
1101 3591 1193 3662 dictu
1207 3599 1283 3661 ests·

173 3717 282 3783 neque
304 3699 411 3765 multe
436 3699 570 3766 facilins
596 3710 649 3765 est
671 3699 794 3779 dicere,
814 3706 919 3784 quoto
938 3717 1009 3764 suae
1024 3697 1137 3763 misus
1147 3715 1238 3762 nnnc
1253 3719 1274 3762 e

172 3799 246 3866 rite
272 3801 466 3868 decesserit.
510 3799 670 3885 Plerique
680 3809 935 3868 mortunmesse
948 3800 1274 3866 ierunteuueectntis

173 3917 288 3968 xuni.
314 3901 378 3970 Cn.
402 3902 567 3988 Pompeio
592 3903 718 3988 Magno
746 3922 801 3971 ιιι.
823 3905 868 3986 Q.
892 3903 1035 3970 Caecilio
1053 3901 1193 3968 Metello
1208 3900 1275 3968 Pie

174 4001 273 4072 Gess.
294 4024 381 4071 enne
397 4007 443 4072 eb
454 4005 498 4072 U.
510 4005 548 4072 0.
566 4001 1274 4092 nccr1.ccdemdie,qnedieP.Virpiiinm

175 4105 352 4174 Heronem
379 4113 495 4176 ustum
509 4111 745 4178 essenonnuili
760 4111 921 4196 scriptum
941 4107 1155 4193 reliquerunt.
1200 4104 1274 4172 Ne·

174 4204 249 4272 lunt
263 4213 375 4276 eutem
384 4231 471 4292 eum,
481 4216 540 4280 eut
554 4232 617 4280 sue
629 4219 750 4298 sponte
762 4219 902 4281 mortem
915 4211 1054 4290 obiisse,
1062 4218 1122 4277 eut
1130 4207 1289 4291 alicuius·
