3038 4864
226 395 270 462 68
462 408 668 461 sanamur
691 405 871 458 rnnronnr
896 403 1090 458 nrrsronA.

228 557 376 622 videtur:
393 557 404 590 ‘
413 551 725 632 intermorentes‚’‘
735 550 1076 630 interlementas,'‘in
1086 552 1323 618 cassamentis.⁸

160 659 164 676 '
230 657 354 742 quue
375 657 444 726 aiio
472 655 614 722 consilio
635 671 686 721 vr.
700 654 778 722 793.
801 654 940 720 verbum
962 650 1197 719 ‘Concidere'
1216 663 1324 720 buns-
1361 733 1366 748 1

174 825 182 836 ,
228 760 354 826 fuderit
375 760 411 826 in
432 759 542 826 ‘Gom
556 757 690 826 cinere-⁹
734 759 835 836 item,
858 755 934 823 988.
951 775 996 822 ex
1009 757 1152 822 vocibus
1166 761 1178 790 ‘
1193 757 1237 822 ad
1250 760 1325 838 res,'

231 861 367 934 ‘ardes’
380 861 507 942 lecerit,
520 861 614 947 quod
627 859 822 944 marginalia
839 863 954 926 nostra
974 859 1107 938 babent,
1123 867 1161 926 ut
1174 870 1210 927 et
1228 860 1325 928 luae.

230 987 275 1032 ex
290 969 300 999 ‘
314 963 490 1043 Poenibet,⁰
505 963 522 1002 ‘
531 965 642 1031 Pruna
660 963 737 1029 ibus
756 961 813 1029 nt!
855 960 1043 1028 Anuotetor
1065 969 1180 1028 aulem
1200 969 1324 1042 nostor,

229 1066 354 1153 (Hedr.
390 1065 633 1154 Beverlandus)
662 1067 741 1133 licet
762 1065 1008 1133 Vossianarum
1045 1064 1326 1133 Observationum

232 1173 472 1258 exscriptorem
483 1177 610 1238 tantum
619 1171 654 1236 in
669 1171 745 1236 libri
760 1172 866 1237 nostri
879 1170 988 1236 fronte
1000 1169 1209 1254 profiteatur,
1219 1171 1326 1235 multa

232 1281 342 1340 umen
351 1274 392 1341 de
401 1295 465 1342 sno
475 1275 577 1341 eiiam
588 1272 755 1358 adjecisse
767 1273 906 1340 ridetur.
950 1271 1156 1355 Argumento
1169 1273 1250 1338 mibi
1264 1280 1327 1350 eet,

232 1377 319 1460 quod
337 1393 386 1442 vi.
401 1377 478 1444 786
493 1376 537 1443 ad
551 1376 656 1442 illud:
679 1381 689 1410 ‘
704 1375 744 1440 lu
759 1375 935 1442 Heliconis
954 1377 1076 1440 montis
1099 1376 1199 1441 arbor
1214 1375 1327 1442 Floris

233 1481 335 1548 odore
354 1481 521 1546 bominem
541 1485 627 1544 tetro
649 1484 811 1544 consueta
832 1477 972 1555 necare‚’
986 1485 1097 1544 notat:
1119 1483 1127 1512 ‘
1145 1479 1260 1564 Hujus
1276 1497 1328 1544 ar-

232 1585 325 1648 boris
341 1583 495 1648 meminit
517 1601 652 1666 quoqne
669 1581 901 1659 Dicaearchus,
916 1583 951 1646 in
967 1581 1192 1664 descriptione
1205 1585 1329 1648 montis

235 1685 342 1751 Pelii!
374 1683 475 1763 Quod
490 1681 709 1766 fragmentum
718 1690 838 1764 amen,
852 1703 920 1749 non
934 1685 1000 1749 nisi
1020 1703 1109 1750 anno
1124 1701 1327 1752 ororocorrr.

235 1797 336 1874 atque
364 1786 450 1854 adeo
476 1786 574 1869 longe
589 1792 677 1875 post
700 1787 828 1852 obitum
856 1785 1036 1852 clarissimi
1060 1785 1193 1866 Voseii,
1220 1788 1328 1854 lucem

235 1892 372 1975 aspexit
386 1889 545 1969 oxoniae,
569 1890 603 1952 in
624 1896 704 1953 tom.
722 1905 762 1954 11.
786 1887 1074 1973 Geogrupborom,
1096 1907 1181 1972 quos
1208 1899 1331 1956 vocent

235 1997 389 2071 minores,
400 1990 500 2078 idque
515 2011 534 2056 e
550 1990 635 2058 God.
646 1991 803 2057 Gudiano
815 2011 837 2056 a
849 1992 924 2058 Jos.
947 1991 1024 2056 Alb.
1040 1991 1198 2057 Fabricio
1218 1999 1329 2057 trans·

236 2099 376 2160 missum
387 2094 580 2162 Clarissimo
587 2095 728 2162 Editori·
773 2095 853 2162 Nisi
866 2095 986 2173 mavis,
996 2095 1041 2160 ab
1054 2094 1130 2178 ipso
1144 2093 1193 2161 Ι.
1201 2093 1330 2162 Vossio

236 2198 320 2264 illud
336 2197 500 2262 ineditum
510 2195 619 2262 adhuc
634 2198 834 2281 inspectum,
849 2197 975 2282 qnippe
988 2197 1081 2281 quod
1095 2204 1212 2262 notum
1223 2199 1330 2264 inisse

237 2299 345 2383 ipsius
361 2298 481 2365 saltem
495 2297 632 2364 Parenii
647 2319 691 2364 ex
700 2299 877 2384 lib.r.cap.
886 2301 919 2365 9.
935 2299 977 2365 de
993 2299 1176 2366 Historiois
1188 2298 1331 2378 Graeois,

238 2409 398 2486 apparet:
428 2403 483 2467 vel
507 2401 661 2486 denique,
684 2409 876 2486 respectum
901 2403 945 2468 ad
967 2403 1117 2488 ejusdem
1142 2402 1330 2488 fragmenti,

238 2505 408 2570 Salmasio
425 2505 497 2590 jam
523 2523 567 2570 ex
594 2505 723 2572 inedito
754 2505 939 2590 exemplari
966 2505 1081 2582 citata,
1109 2506 1224 2582 verba,
1253 2525 1330 2590 cap.

241 2624 414 2674 nxxxrrr.
438 2609 481 2675 de
506 2607 655 2674 liemon.
681 2606 792 2691 Hyles
822 2606 902 2672 latr.
944 2605 1116 2692 Quicquid
1139 2606 1195 2686 sit,
1217 2607 1332 2674 Anno·

238 2718 324 2778 tetur
337 2711 395 2776 ille
408 2719 533 2792 noster,
544 2712 576 2779 si
587 2713 743 2780 universe
753 2710 946 2794 descripsit,
958 2699 1061 2774 multa
1071 2727 1173 2793 prave
1183 2710 1332 2796 descrip-

239 2817 297 2892 sit,
325 2833 386 2878 neo
412 2813 588 2880 intellecta.
648 2811 837 2878 Observavi
863 2811 964 2876 etiam
993 2809 1144 2894 ejusdem
1172 2811 1331 2898 pleraque

241 2933 327 2992 esee,
348 2914 473 2998 quibus
497 2917 723 2982 londinenses
747 2909 1013 2981 invadentibus
1036 2913 1236 2980 lectionibus
1272 2915 1342 3004 ap-'

241 3023 369 3104 ponunt
383 3020 394 3049 ‘
408 3013 576 3095 Quidam!
1216 3045 1218 3050 ¹

286 3117 418 3196 Habes,
429 3103 494 3183 Vir
508 3119 647 3203 optime,
666 3119 816 3202 mihique
830 3115 1044 3194 amicissime,
1060 3133 1148 3199 qna,
1162 3119 1247 3183 inter
1259 3139 1334 3186 mea

241 3224 302 3289 iila
326 3221 370 3288 ed
391 3219 584 3286 Lucretium
604 3217 747 3306 πάρεργα,
774 3219 904 3302 reliqna
923 3217 1099 3298 habebam,
1128 3222 1159 3282 οὐ
1184 3217 1334 3310 παρέργως

212 3349 215 3360 ·
241 3333 352 3392 umen
377 3329 560 3401 ostensura,
580 3323 630 3388 nti
648 3341 759 3407 spero,
782 3321 814 3384 ri
837 3317 980 3407 φίιιςγον,
1003 3339 1069 3404 qno
1093 3340 1193 3405 qaam
1216 3323 1334 3389 lnben-

169 3459 172 3470 ·
242 3427 371 3492 tissime
394 3425 487 3491 inid
510 3445 615 3510 genus
640 3425 777 3490 delicias
804 3423 991 3506 symbolam
1019 3419 1167 3506 aliquam
1185 3425 1333 3492 consero.

243 3527 346 3609 Quod
362 3530 392 3593 si
406 3535 440 3594 et
451 3528 526 3593 baec
542 3527 628 3592 tanti
641 3525 720 3592 'libi
729 3526 942 3603 videbuntur,
956 3532 1006 3604 ut,
1019 3526 1055 3590 in
1068 3528 1214 3593 curanda
1231 3527 1337 3615 atqne'

242 3630 433 3696 exornanda
454 3631 690 3713 elegantissimi
720 3629 840 3696 Politen
868 3619 1146 3709 revenditione,
1175 3617 1334 3697 rationem

243 3753 359 3798 eorum
381 3731 569 3800 babendum
591 3751 741 3812 censeas,
764 3733 839 3798 ierit
864 3731 956 3817 quod
980 3731 1059 3798 mibi
1097 3731 1139 3798 de
1160 3751 1226 3798 non
1247 3735 1335 3801 male

244 3833 359 3902 locata
373 3835 408 3900 in
421 3836 541 3902 iisdem
550 3853 650 3920 opera
665 3835 818 3918 gratuler.
840 3833 937 3900 Vale.

309 4047 402 4100 liade.
413 4061 456 4101 ιιι.
475 4051 533 4100 ldae
538 4049 602 4102 delii
612 4061 786 4106 mcxxv.
