3038 4864
411 765 806 852 ABRAHAMI
849 763 1205 848 PREIGERI
1301 695 1306 710 ι

640 999 971 1097 EPISTOLA

577 1255 627 1310 AB
645 1255 764 1310 slsum
784 1253 1032 1309 cummuni

438 1449 755 1520 SIGEBERTUM
778 1443 1173 1532 novennalem,

259 1636 518 1708 contubernalem
539 1637 693 1726 quondam
706 1661 795 1704 roam
814 1636 1032 1718 deblaim,
1053 1657 1133 1700 conc
1147 1635 1181 1700 ia
1195 1629 1354 1698 cauom

299 1783 351 1824 mu
362 1758 477 1844 patric
493 1756 674 1840 Academia,
695 1781 763 1848 quc
779 1757 886 1848 Lagd.
904 1757 981 1824 But.
994 1768 1051 1837 ert,
1066 1753 1275 1845 Professorem
1290 1749 1351 1816 lb·

300 1877 464 1956 toriacum,
478 1875 665 1966 eloquentia,
681 1889 711 1945 et
726 1878 837 1967 lingua
857 1875 974 1944 Gracc
994 1875 1215 1964 dignissimum.

258 2339 451 2430 Pcecnan
467 2363 529 2429 tibi
549 2361 717 2446 intelligo,
740 2361 970 2446 Havercumpi
989 2359 1233 2448 προσφιλέστατε,
1254 2366 1302 2440 ut,
1322 2361 1353 2426 si

256 2485 325 2553 qua
335 2465 378 2531 ad
391 2465 594 2543 Lucretium,
606 2485 626 2530 e
639 2463 884 2550 posterioribus
898 2462 983 2530 sorte
997 2466 1145 2530 subnata
1153 2465 1235 2530 mibi
1250 2464 1351 2542 curis,

254 2569 384 2655 reliqua
397 2569 548 2648 babeam,
564 2576 673 2635 tecum
684 2568 936 2634 communicem.
969 2567 1073 2633 Facis
1088 2575 1125 2633 tu
1140 2567 1276 2653 quidem
1290 2585 1351 2651 pro

253 2673 365 2751 solite,
383 2691 456 2756 uuo
480 2693 535 2737 me
556 2671 806 2757 complecteris,
826 2671 1060 2738 benevolentia
1085 2677 1186 2756 atque
1199 2671 1351 2736 humani-

253 2782 342 2842 tete:
366 2795 429 2856 ego
451 2795 543 2855 vero,
565 2775 728 2860 quicquid
746 2773 862 2852 idest,
885 2773 976 2857 quod
998 2774 1034 2838 in
1047 2775 1110 2840 bac
1123 2793 1159 2839 re
1172 2773 1351 2858 lortepos·

253 2895 342 2954 sum,
366 2876 457 2959 apud
471 2882 503 2942 to
518 2897 620 2961 quam
633 2877 863 2944 lubentissime
878 2875 1033 2961 depono;
1055 2877 1181 2962 quippe
1195 2875 1293 2960 cujus
1314 2874 1350 2940 id

253 2996 351 3042 omne
361 2976 491 3061 judicio
506 2983 606 3062 atque
627 2979 789 3058 examini,
809 2998 875 3043 non
896 2979 963 3044 nisi
984 2979 1158 3058 benevolo,
1179 2998 1233 3044 me
1247 2977 1349 3064 snbji-

254 3097 328 3146 cero
343 3079 434 3157 novi,
455 3085 491 3144 et
505 3079 597 3164 apud
617 3099 729 3164 quem,
751 3080 783 3145 si
797 3080 880 3165 quid
894 3081 1044 3147 ulteriori
1067 3081 1349 3146 demonstratione

252 3187 359 3264 egeat,
373 3199 472 3265 quam
489 3181 695 3246 brevissimis
709 3181 842 3265 defungi
857 3201 990 3267 queam.
1034 3181 1120 3247 Sunt
1132 3182 1257 3266 itaque,
1271 3199 1349 3266 quar

252 3299 364 3368 neque
378 3284 594 3350 arundinibus
609 3291 802 3364 atumem,
819 3285 923 3367 juxta
936 3284 1157 3368 proverbium,
1179 3303 1202 3350 a
1222 3303 1274 3349 me
1287 3285 1349 3350 im·

248 3389 382 3468 petrare
397 3405 551 3470 possum,
566 3393 600 3454 et
614 3388 676 3454 tibi
689 3388 753 3454 soli
767 3389 797 3454 si
808 3389 1004 3474 probavero,
1017 3387 1103 3454 satis
1117 3407 1171 3453 me
1184 3389 1348 3473 probasse

253 3485 356 3553 facile
364 3487 539 3574 judicabo.

294 3589 348 3657 Ac
362 3592 471 3677 primo
493 3591 629 3675 quidem
644 3591 773 3659 duabus
787 3594 1001 3678 potissimum
1015 3593 1059 3660 de
1080 3593 1194 3658 causis
1212 3594 1247 3658 iu
1261 3590 1347 3659 Arte

251 3691 396 3760 Publice
420 3695 586 3760 excellere
613 3695 694 3762 milri
722 3695 854 3764 videtur
876 3697 1067 3775 Lucretius,
1082 3695 1347 3782 (philosophiam

249 3796 340 3862 enim
353 3797 463 3882 ipsam
477 3815 546 3862 non
560 3796 755 3884 moramur)
767 3801 858 3885 quod
873 3809 909 3866 et
922 3801 1091 3886 propriam
1109 3819 1150 3864 ac
1162 3798 1268 3864 veluti
1287 3798 1348 3865 do-

249 3900 428 3964 mesticam
460 3901 527 3966 sibi
551 3901 752 3968 suavitatem
777 3903 919 3970 mirifica
951 3903 1100 3988 quadarn
1136 3901 1344 3968 sublimitate

249 4001 391 4080 ornavit,
413 4009 450 4067 ot
463 4009 640 4087 utrumque
661 4025 703 4071 eo
717 4004 909 4090 diligentius
923 4006 1084 4086 excoluit,
1107 4025 1175 4091 quo
1195 4003 1344 4071 sterilius

250 4109 353 4189 atque
366 4105 523 4171 miserius
546 4114 666 4193 suapte
686 4114 818 4190 natura,
836 4108 928 4192 quod
947 4110 1103 4177 manibus
1125 4109 1192 4175 sibi
1209 4123 1344 4173 versun·

131 4229 135 4238 ⁴
248 4206 327 4274 dum
338 4215 499 4288 comeret,
509 4216 735 4294 argumentum
744 4213 914 4299 repererit
947 4213 1255 4298 Sueviloquentiam
1266 4209 1343 4294 ipse
