3038 4864
621 371 827 426 PMRA'HO·
1226 369 1268 434 17

221 514 387 594 Ceterum,
400 516 442 583 de
465 519 711 588 commentariis
730 521 834 600 mels,
856 539 943 607 quos
960 521 1075 590 moltis
1087 525 1213 609 vigiliis
1233 535 1269 596 et

38 621 43 632 ’
175 615 328 703 improbo
342 617 455 684 studio
470 622 640 700 contexui,
650 624 825 708 prroclpua
835 624 917 690 mibi
927 625 1074 692 felicitas
1086 631 1267 713 continget,

175 727 279 806 etque
295 721 466 808 propositi,
492 723 582 807 qnod
607 725 721 792 animo
745 745 876 813 sempor
899 747 992 796 cram
1013 731 1267 816 contenplans,

176 829 255 888 tuoe
268 823 401 890 demum
415 843 554 910 compos
568 825 656 906 tiano,
677 829 707 894 si
720 829 869 896 rationes
883 830 935 896 slc
956 831 1100 897 videbor
1121 834 1157 900 in
1175 838 1267 902 notis

175 925 414 992 concinnandis
427 929 604 1012 prudentor
618 934 871 1014 attemperaese,
886 940 928 997 nt
941 949 1002 998 eas
1015 951 1077 998 ccc
1092 933 1184 1000 docti
1197 935 1266 1002 sas·

175 1026 359 1108 tidianaot
375 1029 564 1116 intelligant
586 1033 711 1098 tirones
732 1033 921 1116 imotncse3
942 1039 1044 1118 atque
1068 1036 1144 1102 binc
1167 1037 1266 1119 adeo,

175 1131 276 1197 sicuti
290 1133 418 1212 altillo,
432 1135 568 1220 utrique
580 1135 627 1201 rei
647 1134 789 1200 scienter
810 1137 1066 1216 occucurrerim,
1087 1135 1123 1204 ut
1140 1139 1265 1207 mederi

172 1235 303 1318 possim
317 1253 396 1302 cnm
411 1237 573 1316 satiemti,
599 1244 674 1304 tnrn
696 1239 906 1320 ignorantiae,
931 1240 1105 1305 locrorum.
1148 1239 1266 1320 Quan-

173 1337 284 1402 tillum
298 1338 442 1423 danique
455 1340 500 1404 sit
512 1339 605 1420 illud,
620 1340 713 1424 qnod
727 1335 900 1408 indelessa
913 1342 1088 1426 diligentia
1104 1347 1266 1429 consequi

172 1439 348 1521 runcum
358 1442 559 1526 proboscicr
571 1463 633 1510 aec
641 1451 752 1510 muron
763 1443 1046 1530 animijndicinm,
1056 1455 1266 1514 samamonco

171 1539 345 1610 literarum
358 1543 542 1611 liberalium
557 1545 704 1630 legitime
719 1547 871 1630 obligati,
886 1554 920 1612 et
931 1547 1264 1633 bnmamtatisplcni,

170 1643 383 1712 reformidem
395 1667 405 1728 ;
427 1648 592 1731 umnelin
603 1667 676 1715 snm
687 1649 888 1734 prolectoab
902 1651 993 1716 omni
1008 1650 1122 1716 laudis
1136 1652 1265 1737 appeti·

171 1748 263 1814 tione
279 1749 416 1828 alienus,
428 1756 467 1815 ut
479 1769 550 1816 non
563 1751 662 1818 valde
685 1751 819 1838 cupiam
847 1752 1004 1820 secundae
1018 1752 1146 1838 aliquid
1159 1753 1266 1850 epipl-

171 1849 246 1914 onls
258 1849 408 1916 mibimet
421 1853 605 1936 acquirere.
640 1853 817 1920 Liridclos
832 1859 943 1921 autom
960 1873 1116 1920 ocnscres
1130 1861 1265 1924 noscos

76 1983 84 2014 r
169 1953 254 2020 nibil
277 1971 403 2035 moror3
435 1953 599 2034 homines,
622 1957 709 2022 veris
731 1955 838 2022 literis
862 1963 920 2023 cut
938 1957 1056 2023 leviter
1077 1965 1263 2038 contactos,

171 2062 243 2134 aut,
256 2073 346 2142 ques
358 2055 567 2142 arripuerint,
582 2059 697 2143 pravis
710 2059 885 2125 affectibus
909 2058 1179 2126 dehonestantes:
1203 2063 1264 2145 qai

169 2158 345 2224 doctorum
357 2167 510 2239 conatus,
523 2159 591 2226 illis
606 2161 868 2246 displicentium,
880 2181 928 2227 ex
941 2161 1092 2247 professo
1106 2161 1265 2229 deomant

168 2261 364 2346 deprimere
390 2265 426 2327 et
451 2261 603 2328 fovendis
624 2264 890 2348 bocorandisqnc
916 2263 1093 2330 Musarum
1118 2265 1264 2332 ausoniis

166 2364 292 2430 nnllam
316 2381 457 2450 operam
483 2363 721 2450 impertiuntur.
776 2365 922 2445 Quoties
941 2385 1023 2433 vero
1045 2367 1262 2448 cessaverim,

168 2472 205 2532 ct
227 2467 442 2533 intentionem
466 2466 568 2532 animi
583 2467 724 2532 videbor
745 2469 923 2545 remisisse,
941 2468 1023 2533 mibi
1050 2468 1262 2533 vehementer

168 2567 370 2652 gratulabor,
386 2587 434 2633 ac
448 2585 526 2633 cnm
539 2567 625 2632 meis
639 2567 762 2634 studiis
775 2567 916 2634 feliciter
930 2577 1043 2634 actum
1055 2587 1129 2635 esso
1142 2570 1262 2634 existi·

167 2670 281 2748 mabc,
303 2670 347 2747 si,
369 2670 563 2736 liberalibus
578 2677 678 2755 atque
700 2689 777 2736 vere
800 2670 937 2736 cruditis
955 2686 1085 2736 errores
1099 2672 1263 2738 benevole

166 2772 633 2858 monstrumne-malignam
648 2771 878 2841 cavillatorum
901 2772 1128 2856 intemperiem
1142 2778 1261 2859 potero

166 2874 372 2941 lucrifacere.

204 2975 246 3042 In
260 2976 451 3042 universnm
466 2993 560 3052 saco,
574 2973 639 3038 boe
650 2975 705 3039 vel
712 2973 747 3039 ic
755 2975 915 3041 maximis
927 2975 1074 3042 omnium
1087 2995 1110 3040 a
1123 2982 1261 3043 memet-

165 3079 243 3164 ipso
256 3077 474 3144 obtinendum
486 3095 562 3142 esse
578 3077 752 3144 arbitratus
766 3097 853 3157 som,
875 3085 968 3144 utne
981 3077 1062 3162 quid
1077 3097 1130 3143 mo
1144 3084 1260 3163 putem

167 3181 265 3261 scire,
284 3179 379 3265 qucd
393 3179 561 3260 nesciam
583 3197 796 3264 quoeramque
811 3197 946 3263 sempor
960 3177 1144 3258 addiscere,
1167 3180 1261 3264 qccd

161 3285 324 3370 ignorem:
347 3301 423 3348 ccm
438 3282 592 3360 mutiam,
615 3283 725 3348 minoe
749 3282 907 3366 prodesse
918 3283 1025 3366 perite
1039 3280 1257 3366 quidlacere,

166 3405 267 3472 qnam
281 3386 401 3452 obesse
414 3401 590 3470 perperam
614 3385 750 3452 iecisse.
794 3384 976 3462 Nimirum,
997 3385 1032 3448 in
1054 3382 1108 3448 bis
1128 3389 1259 3468 tempo-

57 3497 60 3504 ’
165 3507 238 3554 rum
253 3487 426 3571 angustiis,
440 3504 538 3553 nemo
554 3486 652 3552 debat
666 3485 880 3551 admiratione
904 3485 1119 3562 commorari,
1134 3485 1259 3550 nedum

165 3591 328 3676 indignari
342 3590 472 3668 debeat,
487 3589 530 3666 si,
551 3588 724 3653 laboribus
744 3587 816 3652 suis
831 3589 1038 3662 victitantes,
1055 3593 1091 3650 ct
1112 3605 1149 3651 re
1163 3587 1259 3652 lami·
1350 3676 1352 3684 Ι

164 3693 239 3760 lieri
253 3694 392 3760 arctiore
405 3691 531 3774 vigiliis
546 3689 685 3768 addicti,
704 3707 768 3754 noc
783 3707 851 3754 uon
873 3688 982 3774 (quod
995 3689 1043 3752 rei
1066 3695 1172 3772 caput
1189 3685 1259 3772 ost)

164 3797 250 3863 inter
261 3795 418 3862 librorum
432 3793 649 3860 vetusticrmn
662 3809 770 3856 raram
785 3790 885 3856 nimis
899 3791 998 3856 nimis
1013 3789 1258 3873 supellectilem

165 3883 374 3965 tenebricoso
403 3894 581 3980 dispalati3
619 3895 649 3958 si
681 3894 820 3972 scilicet,
844 3893 897 3960 bis
926 3891 1258 3958 incommoditatibus
1349 3981 1355 3988 μ

165 4002 271 4086 pressi
282 3999 506 4083 districtique,
527 3996 684 4082 quaedam
698 3997 848 4062 emittant
866 3996 1006 4062 nimium
1026 3993 1255 4078 depropersta,

165 4121 271 4189 neque
299 4101 344 4167 ad
372 4117 513 4183 unguem
543 4107 757 4184 praesectum,
784 4096 1060 4184 quemadmodum
1081 4096 1256 4171 vellemus,

228 4211 493 4278 wulmari.
667 4209 762 4262 lund.
1168 4204 1191 4254 B
