3038 4864
548 385 596 438 nr
620 383 709 437 vrrs
735 379 925 436 uncanrrr.
1239 366 1284 460 ab

185 553 261 620 cap.
274 535 307 602 n.
330 530 438 600 ‘cnm
461 551 544 598 raro
568 551 678 618 neque
698 532 848 602 moribus
870 549 977 616 usqne
999 529 1159 599 institutis
1176 532 1284 620 scrip·

172 627 294 704 'torum
308 637 546 721 amuranus
557 636 743 702 tribuantur
754 635 909 714 honoros,
929 635 1017 720 ipsae
1044 642 1159 700 tamen
1173 655 1233 720 per
1247 653 1285 704 se

183 745 315 807 mentes
324 737 541 808 abrisaltiora
556 739 809 824 prospicientes,
822 737 1051 804 memoriarum
1066 737 1223 820 gradibus
1239 737 1283 804 ad

184 843 308 910 coelnm
320 842 432 922 elatae,
446 862 521 910 aevo
533 841 715 908 immortali
724 860 790 906 non
798 839 898 906 modo
910 841 1103 919 sententias,
1113 839 1172 905 sed
1181 841 1282 908 etiam

183 943 307 1028 figuras
328 964 444 1010 eornm
468 944 612 1030 posteris
627 949 749 1026 cogunt
763 962 841 1008 esse
854 946 962 1008 notas.
1006 939 1127 1026 Itaque
1143 944 1203 1028 qni
1216 942 1285 1010 bis·

180 1047 346 1114 toriarum
352 1047 621 1133 jucunditatibus
631 1047 812 1112 instructae
826 1043 948 1113 babent
958 1052 1098 1124 mentes,
1111 1064 1180 1112 uon
1204 1065 1285 1130 pos·

182 1156 261 1214 sunt
267 1168 332 1214 nnn
343 1150 379 1214 in
389 1151 460 1214 suis
468 1149 661 1233 pectorrbus
671 1146 865 1213 dedicatum
875 1146 1110 1226 babere‚sicnti
1124 1147 1285 1230 Deorum,

183 1250 236 1316 sic
255 1255 290 1316 ot
312 1250 418 1316 Ennii
439 1251 552 1336 politae
575 1251 799 1317 simulacrum.
842 1247 942 1318 Accii
970 1257 1082 1316 antam
1110 1251 1284 1333 carminib.

183 1354 245 1436 qni
269 1353 418 1420 studiose
440 1353 655 1433 delectantur,
669 1373 736 1420 non
749 1353 849 1420 modo
863 1353 1037 1420 verborum
1052 1352 1203 1432 uanas,
1222 1351 1283 1420 sed

183 1454 452 1539 etinmlignram
481 1457 557 1542 ejus
585 1456 741 1524 videntur
771 1476 885 1522 socom
912 1455 1034 1522 habero
1069 1461 1282 1541 praesentem.

182 1554 272 1623 Item
285 1560 401 1644 plnres
416 1567 496 1644 post
505 1565 656 1626 nostram
670 1558 865 1625 memoriam
876 1566 1056 1626 nascentes
1070 1577 1148 1624 conr
1163 1559 1284 1626 Lucre·

78 1691 81 1702 ·
181 1660 228 1729 lin
246 1659 446 1730 videbuntur
459 1661 551 1728 velut
565 1680 679 1726 corarn
694 1661 735 1726 da
750 1681 860 1728 rorum
884 1667 1006 1726 natura
1027 1655 1218 1747 dispn‘tare:
1240 1662 1283 1730 de

181 1768 253 1830 arte
282 1783 362 1830 voro
384 1764 549 1831 rhetorica
569 1783 646 1830 cnm
667 1763 853 1832 Cicerone:
875 1765 970 1832 multi
983 1771 1192 1854 posterorum
1207 1785 1283 1834 cnm

180 1863 217 1938 .V
217 1884 334 1932 arrone
357 1867 529 1934 conserent
552 1887 734 1935 sermonem
759 1868 802 1933 de
831 1868 946 1950 lingna
975 1866 1118 1935 Latina!
1162 1867 1283 1956 Itaque

182 1969 268 2036 satis
296 1967 459 2036 interdum
484 1969 597 2034 mirari
626 1988 694 2036 non
722 1989 874 2054 possum,
903 1989 979 2055 qnae
1003 1977 1096 2038 unta
1123 1971 1280 2039 fueritin

183 2068 392 2149 Quintiliano
416 2070 539 2157 judicii
563 2073 777 2157 perversitas,
803 2080 841 2138 ut
871 2074 1015 2158 primum
1049 2095 1127 2140 cum
1159 2075 1280 2142 Macro

183 2175 387 2254 Lucretium,
399 2175 464 2246 boc
474 2182 526 2242 est
536 2195 613 2241 carn
623 2194 742 2242 musca
750 2175 972 2261 elephantum,
981 2179 1193 2271 compararit,
1204 2199 1279 2244 cunr

180 2277 250 2348 sint
275 2279 357 2344 inter
381 2297 419 2344 se
448 2277 598 2346 maxime
625 2277 781 2364 dispares
806 2297 847 2344 ac
874 2278 1075 2362 dissimiles3
1109 2276 1282 2366 (Macrum

182 2383 295 2444 nutem
316 2397 393 2444 eum
416 2377 581 2464 significo,
596 2398 698 2464 quem
712 2377 943 2458 Quintilianus
964 2385 1123 2448 noverat:
1146 2399 1224 2446 nam
1239 2380 1281 2458 is,

188 2481 358 2565 qni'bodia
367 2486 419 2548 est
429 2482 464 2548 in
473 2483 639 2562 manibus,
652 2502 719 2550 non
731 2489 783 2548 est
794 2483 911 2550 Macer
923 2503 1112 2567 germanus,
1124 2485 1183 2550 sed
1194 2481 1282 2552 nlius
1366 2551 1369 2558 .

182 2584 323 2668 quidam
338 2585 586 2656 Pseudomacer
600 2587 636 2652 in
650 2586 780 2672 antiqui
801 2593 834 2652 et
857 2588 926 2653 veri
941 2586 1051 2653 Macri
1065 2586 1175 2654 locum
1203 2589 1282 2654 snb·

182 2689 272 2756 ditus
283 2692 306 2770 ;)
321 2688 442 2758 deinde
453 2690 637 2776 scripserit,
654 2689 1280 2774 ‘utrumqueesseqnidemlcgendnm,

181 2792 244 2860 sad
258 2812 326 2858 uon
340 2799 378 2858 ut
391 2793 538 2877 phrasin,
554 2793 590 2862 id
605 2799 657 2858 est
671 2811 794 2876 corpus
806 2792 1007 2877 eloquentiae
1023 2792 1148 2858 iaciant
1159 2791 1179 2876 ;’
1200 2813 1281 2880 pos·

181 2901 289 2960 tremo
313 2895 538 2979 subjunxerit,
558 2895 765 2978 ‘elegantem
778 2913 853 2960 esse
866 2895 1087 2980 utrumqueirr
1101 2913 1164 2961 sna
1177 2903 1282 2962 mate·

180 2997 253 3078 riu;
277 2997 337 3063 sed
361 2999 500 3064 alterurn
524 2999 694 3076 humilem,
719 2997 858 3064 alterum
880 2996 1068 3064 difficilem!
1112 2997 1201 3064 Nam
1214 2999 1282 3085 pri·

180 3119 271 3166 mum
287 3099 466 3166 Lucretius
480 3120 548 3166 non
560 3099 712 3188 iuitcnm
729 3097 847 3165 Macro
862 3099 1122 3186 comparandus,
1140 3110 1180 3166 ut
1197 3103 1281 3180 dixi,

181 3207 364 3286 propterea
384 3201 474 3289 qnod
491 3203 574 3272 nibil
587 3202 713 3270 habent
728 3205 811 3268 inter
825 3221 861 3268 se
876 3202 995 3270 simile.
1039 3203 1173 3270 Deinde
1188 3204 1279 3290 quod

181 3313 294 3390 negat,
310 3304 456 3372 Lucretii
469 3307 649 3374 lectionem
664 3306 786 3371 oratori
800 3304 963 3388 prodesse
984 3325 1085 3390 posse
1100 3305 1143 3372 ad
1158 3326 1281 3394 corpus

180 3408 378 3494 eloquentiae
388 3409 675 3476 constituendum:
690 3407 772 3474 nihil
783 3427 926 3492 unquam
938 3407 1162 3488 Quintilianus
1169 3410 1281 3476 minua

182 3531 260 3578 rere
286 3512 419 3578 locutus
443 3519 506 3578 est.
555 3511 742 3594 Nam,siro
758 3510 862 3578 verba
878 3510 1061 3596 simplicia,
1076 3530 1118 3577 ac
1130 3513 1280 3598 propria,

182 3620 217 3680 ct
230 3613 452 3682 elocutionem
465 3615 575 3700 ipsam
597 3622 744 3700 spectes,
767 3613 886 3698 paucis
902 3613 1081 3682 admodum
1096 3617 1206 3682 vorbis
1221 3636 1280 3682 cx-

178 3717 291 3801 .captis
307 3736 385 3800 qnae
397 3715 500 3800 polita
518 3723 577 3782 aut
593 3737 657 3783 suo
667 3717 742 3802 jure
765 3715 875 3795 linxit,
893 3725 954 3782 aut
969 3719 1012 3782 ab
1021 3717 1138 3802 'Ennio
1151 3725 1186 3784 ct
1200 3719 1278 3786 aliis

182 3817 265 3886 ficta
291 3819 476 3903 usurparit,
500 3826 613 3904 potest
640 3827 752 3888 orator
784 3841 830 3888 ex
856 3822 1014 3886 sermonis
1046 3841 1176 3908 genere,
1211 3841 1280 3906 qno

178 3919 361 4000 ¹Lucretius
376 3928 430 3985 est
449 3941 544 4001 usus,
564 3923 748 3990 orationem
763 3943 858 3990 suam
873 3923 1016 4004 efficere,
1031 3925 1173 4008 primunr
1188 3925 1282 4008 puri·

185 4039 276 4090 orem
295 4029 395 4107 atque
407 4023 648 4108 elegantiorem,
670 4025 791 4092 deinde
807 4026 998 4106 uberiorem
1012 4047 1054 4094 ac
1072 4028 1279 4110 nitidiorem

183 4125 257 4194 aire
270 4133 306 4191 te
321 4125 364 4194 ad
381 4146 486 4192 rerum
511 4128 760 4198 monadorum
783 4129 945 4204 rationem
969 4137 1159 4209 convertas,
1178 4130 1281 4196 babet

182 4227 268 4300 unde
281 4229 390 4299 lacere
405 4231 515 4315 possit
536 4233 721 4302 orationem
735 4231 919 4312 elatiorem,
935 4233 1150 4316 grandiorem,
1167 4232 1279 4300 excel-
