3038 4864
252 333 297 402 ³0
588 345 792 398 nronrsrns
818 345 1009 398 narremus

254 492 511 580 respondebunt,
538 509 597 558 eos
627 511 693 558 non
719 493 805 560 satis
828 491 1009 576 eleganter,
1041 495 1074 556 et
1101 491 1345 576 propemodum

252 599 423 683 inquinate
445 595 531 660 banc
552 614 622 661 rem
645 595 853 676 confecisso3
883 603 985 679 utque
1000 615 1022 660 a
1036 615 1090 660 me
1114 595 1283 678 petebant,
1309 599 1346 660 ut

256 699 360 786 paulo
384 699 522 764 nitidius
538 717 584 763 ac
598 700 737 783 politius
751 719 825 764 eam
840 718 1071 784 persequerer:
1095 717 1172 763 cunr
1189 697 1346 776 dicerent,

256 823 323 869 non
335 808 403 869 tam
415 801 533 868 referre
547 801 628 887 quid
643 801 816 880 diceretur,
839 820 941 884 qnam
964 819 1032 885 quo
1046 801 1148 865 modo
1172 800 1346 865 diceretur.

256 905 440 985 Postremo,
464 926 542 972 cum
567 923 684 988 precer
706 923 844 990 quoqne
875 903 1117 980 adhibuissent,
1143 922 1265 986 meque
1286 921 1347 986 per

258 1007 441 1074 amicitiam
454 1013 603 1073 nostram
618 1008 859 1086 obsecrassent,
874 1011 912 1072 ut
927 1007 992 1071 sibi
1007 1005 1108 1072 etiam
1121 1011 1221 1088 atque
1245 1005 1346 1070 etium

257 1111 449 1196 petentibus
463 1109 527 1176 boc
552 1109 682 1190 darem3
721 1109 765 1175 ad
787 1115 971 1174 esbernum
990 1111 1101 1174 victus
1116 1108 1215 1185 cessi,
1237 1107 1346 1174 levius

257 1231 311 1276 me
326 1217 539 1296 peccutnmm
553 1232 630 1278 esse
645 1211 858 1290 existimans,
873 1213 903 1276 si
917 1217 1029 1276 actum
1044 1229 1182 1294 agerem,
1200 1207 1347 1294 quamsi

258 1313 375 1391 amicis
384 1313 510 1399 aliquid
522 1332 617 1392 ome,
632 1313 817 1398 praesertim
831 1331 938 1398 neque
952 1321 1052 1398 turpe
1065 1331 1173 1397 neque
1184 1311 1346 1396 iniquum,

257 1417 447 1502 petentibus
460 1415 671 1499 denegarem.

299 1516 388 1583 Haec
402 1517 504 1600 igitur
516 1518 613 1582 nobis
628 1515 820 1600 quaerenda,
836 1521 883 1596 et,
898 1516 1009 1602 qnoud
1029 1517 1103 1603 ejus
1123 1516 1196 1582 fieri
1224 1523 1347 1601 potest,

256 1618 457 1704 exponenda
470 1625 568 1684 sunt:
582 1619 623 1683 T.
644 1618 791 1684 Lucretii
812 1620 933 1704 putria,
957 1639 1072 1704 genus,
1087 1621 1167 1685 vitre
1189 1618 1348 1698 studium,

255 1721 433 1805 ingenium,
447 1722 563 1787 mortis
570 1741 687 1805 genus,
700 1722 858 1788 librorum
872 1725 914 1788 ub
927 1743 967 1788 eo
975 1724 1171 1807 scriptorum
1182 1741 1348 1799 numerus,

257 1825 434 1892 consilium
449 1826 630 1911 scriptoris,
644 1832 868 1910 argumentum
886 1833 921 1893 et
934 1827 1108 1909 inscriptio
1129 1825 1251 1909 operis.
1297 1823 1349 1890 De

256 1928 368 2012 patrie
396 1928 506 2010 igitur,
533 1937 669 1996 constat
697 1931 783 1996 iuter
810 1951 937 2010 ornnes,
967 1930 1067 2015 idqne
1094 1931 1149 1996 vel
1173 1927 1349 2012 exipsius

256 2028 368 2114 potue
392 2031 580 2098 testimonio
609 2031 793 2116 intelligere
821 2033 911 2110 licet,
937 2053 1012 2098 eum
1045 2033 1235 2098 Romanum
1260 2049 1348 2098 esse.

257 2132 317 2197 Sic
331 2132 416 2198 enim
445 2134 503 2200 ille
524 2137 559 2200 in
582 2135 747 2218 prooemio
770 2135 868 2200 libr.
886 2135 940 2202 39.
964 2135 1129 2202 Venerem
1152 2131 1348 2218 implorans,

258 2253 400 2318 eumque
416 2253 546 2317 rogans,
560 2242 600 2299 nt
615 2243 755 2301 exorato
768 2237 893 2312 Marte,
908 2238 1005 2322 cujus
1020 2245 1073 2303 est
1086 2237 1207 2328 umine,
1222 2235 1350 2302 bellurn

255 2355 317 2419 per
329 2336 436 2400 muria
450 2355 492 2402 ao
511 2343 616 2402 terras
630 2357 745 2402 omnes
760 2346 942 2423 componat
956 2358 1144 2424 pacemque
1170 2337 1349 2406 conciliet:

256 2436 391 2517 ‘Hunq
403 2443 439 2503 tu
453 2437 567 2518 Diva,’
581 2437 722 2525 (inquit)
745 2443 757 2475 ‘
765 2447 823 2506 tuo
837 2443 1051 2507 recubantem
1066 2460 1204 2526 corporo
1218 2444 1350 2519 sancto,

257 2537 472 2608 Circumfusa
493 2561 596 2626 super
610 2543 752 2607 snuveis
774 2561 819 2606 ex
842 2562 897 2608 ore
914 2543 1070 2628 loquelus
1087 2541 1219 2624 Funde,
1233 2546 1350 2628 petens

255 2643 422 2726 piacidum
449 2643 612 2711 Romanis
627 2645 754 2710 incluta
767 2664 901 2729 pacem.
945 2645 1038 2712 Nam
1053 2665 1236 2729 nequenos
1252 2663 1351 2728 ngare

254 2746 331 2825 hoc,
347 2749 469 2830 patriai
484 2753 630 2832 tempore
641 2747 767 2832 iniquo,
780 2745 968 2813 Possumus
976 2767 1078 2832 aequo
1087 2749 1218 2830 animo;
1241 2767 1351 2832 neque

257 2845 397 2912 Memmi
422 2849 515 2916 clara
537 2869 688 2933 propago
709 2850 854 2917 Talibus
872 2851 906 2914 in
922 2837 1023 2916 rebus
1048 2851 1218 2917 communi
1232 2849 1352 2916 deesse

257 2949 360 3014 saluti
369 2948 388 3013 τ’
403 2955 437 3015 ut
452 2950 571 3016 eodem
580 2951 668 3016 libro
682 2951 769 3018 inira
789 2951 864 3017 sul.
888 2956 973 3017 ‘nec
987 2955 1103 3016 nostra
1120 2951 1230 3018 dicere
1237 2952 1353 3036 lingna

256 3049 425 3118 concedit
438 3051 538 3118 nobis
558 3051 659 3136 patrii
684 3055 847 3118 sermonis
869 3061 1003 3134 egestas
1018 3054 1039 3120 ε’
1071 3061 1103 3120 et
1125 3055 1250 3122 libru.
1276 3053 1351 3120 259.

254 3153 437 3220 ‘rationem
466 3153 604 3220 reddere
629 3158 776 3218 aventem
793 3151 972 3224 Abstrubit
995 3155 1138 3222 invitum
1165 3155 1268 3241 patrii
1287 3175 1353 3222 ser·

253 3257 363 3324 monis
380 3263 513 3339 egestus
524 3255 543 3323 :'
570 3255 688 3342 Ituqne
703 3251 793 3340 quod
806 3255 848 3322 de
863 3257 906 3331 T,
922 3255 1109 3342 Pomponio
1119 3257 1233 3326 Attico
1247 3255 1353 3343 scrip·

255 3360 302 3426 sit
313 3357 488 3425 Cornelius
500 3357 633 3443 Nepos,
648 3379 769 3426 rnunus
778 3359 860 3424 illud
871 3357 1029 3426 Fortunoe
1038 3359 1154 3437 fnisse,
1165 3359 1258 3444 qnod
1267 3361 1302 3424 in
1311 3379 1353 3426 ea

252 3461 467 3547 potissimum
477 3463 558 3527 urbe
566 3469 666 3527 natus
678 3467 740 3540 est,
748 3463 785 3525 in
799 3481 867 3546 qua
875 3460 1083 3528 domicilium
1094 3462 1184 3527 orbis
1196 3466 1353 3528 terrarum

254 3571 346 3630 esset
360 3564 504 3650 imperii,
515 3570 554 3629 ut
567 3564 710 3630 eandem
725 3567 868 3648 patriam
882 3564 1032 3644 baberet,
1046 3570 1082 3628 et
1095 3563 1278 3642 dominum,
1292 3567 1353 3630 tm.

255 3667 320 3733 boc
336 3665 424 3732 idem
447 3667 489 3732 de
504 3673 620 3733 nostro
634 3667 715 3732 Tito
730 3667 844 3732 dicere
869 3669 964 3745 licet,
991 3665 1130 3732 eandem
1152 3668 1265 3736 urbem
1280 3669 1354 3753 ejus

253 3767 399 3856 putrium
440 3768 560 3848 luisse,
588 3775 621 3834 et
649 3771 793 3852 gentium
819 3769 1002 3848 dominam,
1041 3768 1207 3853 siqnidem
1242 3768 1355 3836 Roma

256 3871 366 3957 petria
378 3869 453 3955 ejus
465 3876 528 3950 est,
543 3877 579 3938 nt
593 3879 656 3936 est.
699 3869 815 3954 Atque
830 3872 903 3938 baec
923 3870 1062 3955 quidem
1083 3870 1126 3936 de
1141 3873 1263 3956 patria.

300 3971 354 4039 De
383 3989 499 4054 genere
525 3979 647 4048 autern,
671 3974 779 4054 gentis
801 3973 969 4040 Lucretim
1000 3972 1106 4040 inisse
1136 3973 1178 4038 T.
1202 3973 1354 4042 Lucreti·

254 4093 325 4152 nm,
361 4093 482 4140 nomen
524 4075 637 4158 ipsum
670 4073 827 4142 declarat.
885 4075 994 4140 Porro
1029 4081 1140 4142 antem
1175 4095 1256 4159 gens
1287 4077 1355 4142 Lu-

256 4176 362 4244 cretia
390 4195 493 4262 quum
514 4177 605 4244 clare
628 4183 732 4260 atque
764 4179 902 4264 subque
930 4178 1039 4256 fuerit,
1062 4184 1256 4260 argumento
1275 4186 1356 4247 sunt
