3038 4864
602 481 605 492 ,
625 399 829 454 rnnrluro.
1228 389 1272 458 19

182 535 361 613 consilium
369 541 568 628 mutaverit3
589 546 798 614 aurursusid
813 551 965 631 agentem
974 565 1065 613 mors
1077 547 1275 616 intercluse-
1343 569 1345 577 ’

181 651 226 715 rit
239 651 381 732 acerba;
403 649 510 716 nullus
532 651 688 734 equidem
710 650 752 714 de
765 652 865 734 plano
888 649 1129 716 affirmaverim.
1173 650 1274 718 Com·-

182 753 342 819 mentaria
352 771 435 818 sane
446 753 615 830 Seruiana,
626 753 669 818 ad
680 751 799 836 Virgil.
813 751 949 819 AEn.vr.
960 752 1035 818 596.
1047 754 1275 839 suspicionem

180 855 334 941 injiciunt
346 855 435 920 baud
449 854 569 934 levem,
591 856 653 921 bos
667 855 777 934 etiam,
792 855 917 940 quibus
929 855 1078 933 fruimur,
1090 856 1196 922 libros
1212 875 1275 922 sex

181 958 236 1024 De
245 957 518 1024 Naturn‘Rerum
535 959 747 1043 allquataous
761 957 979 1042 imperfectos
993 958 1038 1023 ad
1053 962 1185 1024 aetatem
1199 977 1277 1026 nos-

180 1065 265 1126 tram
292 1059 533 1126 descendisse:
556 1059 598 1124 de
627 1077 697 1143 qua
721 1079 756 1124 re
784 1059 930 1144 paucula
958 1061 1209 1128 submonuimus
1238 1061 1275 1125 in

179 1161 304 1227 nostris
319 1160 662 1228 animadversionibus
676 1161 720 1227 ad
738 1161 868 1229 lib.111.
889 1181 959 1238 ver.
973 1161 1047 1228 991.
1063 1182 1131 1246 qno
1147 1183 1183 1230 se
1205 1163 1276 1228 lec-

182 1269 270 1332 tores
290 1263 478 1334 conferaut:
999 1283 1005 1302 ¹

553 1365 650 1451 ἐχθρὸν
664 1361 692 1428 di
706 1364 759 1446 μοί
771 1367 847 1429 ἔστιν

350 1466 435 1544 Adrus
447 1465 583 1557 ἀριζήλως
598 1464 725 1570 ripupipsr
739 1463 947 1554 μυθολογεύειν.

181 1620 285 1688 Aliud
300 1641 443 1699 carmen,
466 1621 623 1686 Lucretio
637 1621 802 1701 relictum,
824 1622 902 1687 olim
926 1622 1091 1703 extitisse,
1112 1623 1276 1692 Varronis

98 1727 103 1756 ³
181 1725 370 1790 testimonio
398 1724 516 1790 saltem
539 1725 712 1808 probabile
737 1725 896 1806 efficitur;
919 1725 1019 1810 cujus
1044 1727 1157 1806 verba,
1179 1733 1278 1812 prout

180 1829 332 1912 leguntur
346 1827 380 1890 iu
393 1826 451 1892 lib.
467 1843 517 1891 lv.
540 1832 623 1892 sect.
634 1827 667 1892 9.
677 1828 718 1892 de
732 1829 812 1912 ling.
828 1827 905 1892 Lat.
920 1848 986 1893 oon
1004 1830 1131 1914 pigebit
1152 1831 1278 1914 ascrip-

182 1930 285 1996 sisso:
309 1925 440 2012 ‘Aqua
451 1928 791 2012 bipartitadivisione‚
803 1929 1168 1998 Lucnnrrtrssuorum
1177 1933 1276 1998 unius

182 2039 218 2098 et
244 2031 362 2113 viginti
382 2030 540 2096 librorum
563 2031 693 2096 initium
722 2031 804 2097 fecit
833 2031 920 2098 boc:
944 2032 1111 2098 ‘AEtberis
1125 2039 1159 2098 et
1178 2040 1276 2100 terre

181 2133 358 2218 genitabile
380 2151 529 2219 quaerere
547 2131 721 2217 tempus.’'
765 2132 802 2198 Si
826 2151 928 2198 sanus
949 2133 993 2199 sit
1006 2132 1061 2198 bic
1072 2135 1277 2218 grammatici

180 2237 292 2316 locus,
314 2256 376 2302 nec
400 2236 525 2300 nomini
546 2234 684 2319 proprio
708 2235 882 2319 scripturae
896 2235 1013 2303 vitium
1027 2237 1186 2318 insideat3
1208 2256 1278 2321 qua
1375 2251 1378 2256 ·

180 2358 279 2417 voce,
290 2359 357 2423 quc
371 2337 462 2415 fletu,
474 2340 599 2402 tantum
614 2337 779 2401 literarum
794 2335 1019 2415 infortunium,
1033 2337 1136 2402 nullis
1151 2338 1278 2404 artibus

182 2440 393 2517 medicabile,
423 2435 629 2522 lugebimusl
660 2437 832 2523 Tempust
865 2444 1013 2504 vastator
1036 2440 1194 2518 omnium,
1215 2440 1278 2504 tibi

181 2545 334 2628 profecto
356 2542 452 2618 felix,
471 2541 611 2606 nimium
639 2539 733 2618 felix,
756 2542 850 2606 visus
865 2544 919 2605 est
942 2539 1118 2606 Musarum
1144 2540 1279 2618 chorus,
1321 2598 1324 2608 .

181 2650 255 2714 baec
280 2647 310 2712 si
332 2648 424 2712 dona
447 2645 584 2729 propria
605 2644 765 2724 luissent;
787 2663 867 2709 unm
880 2643 1073 2708 Lucretium
1087 2663 1206 2721 meum,
1224 2643 1278 2710 vel

181 2751 303 2834 ingenii
317 2750 456 2826 viribus,
477 2747 532 2813 vel
546 2747 711 2830 elegantia
724 2746 897 2824 doctrinae,
914 2745 1023 2811 cuivis
1038 2752 1185 2812 veterum
1210 2746 1279 2809 for·

182 2853 260 2918 titer
274 2849 506 2938 opposuerim:

561 2948 636 3034 quis
651 2956 703 3013 est
717 2947 883 3014 crudelior
897 2948 930 3012 in
944 2966 1008 3013 nos

311 3056 361 3120 Te
375 3054 496 3120 Densi
532 3051 581 3119 Ut
597 3071 729 3136 semper
744 3052 871 3134 gaudes
885 3051 1024 3117 illudere
1039 3049 1139 3115 rebus

312 3156 497 3222 Humanis!

183 3308 352 3392 Denique,
380 3308 425 3373 ob
451 3305 689 3388 grandissimos
724 3303 836 3389 operis
860 3302 1000 3386 hujusce
1026 3307 1169 3376 sumtus,
1197 3299 1279 3396 mibi

183 3412 380 3495 gravissime
405 3407 646 3486 incumbentes,
671 3407 766 3490 prius
788 3403 953 3492 volumen,
977 3409 1016 3466 ut
1039 3405 1280 3466 antecursorem
1389 3399 1393 3412 “

184 3512 361 3597 quendam,
390 3509 447 3594 qui
483 3509 651 3593 publicam
683 3506 875 3590 opinionem
904 3504 1069 3588 speculari
1099 3503 1218 3588 quiret,
1247 3508 1280 3568 et

183 3615 320 3698 gratiam
348 3611 522 3695 aucupari,
543 3630 723 3675 necessum
746 3608 849 3673 habui
874 3609 1095 3691 praemittere:
1117 3609 1150 3670 et
1166 3611 1279 3668 actum

183 3723 235 3781 est
248 3715 399 3800 prolecto
410 3712 452 3776 de
467 3713 608 3778 1111111111
624 3713 718 3790 meis,
740 3717 774 3775 et
788 3709 989 3775 editionibus
1004 3705 1179 3791 poetarum
1189 3710 1281 3770 vete·

183 3839 254 3885 rum
267 3838 326 3903 per
340 3817 481 3884 sudores
496 3835 591 3880 meos
606 3816 799 3881 infuturum
816 3811 1050 3896 procurandis,
1071 3811 1135 3875 nisi
1151 3810 1197 3874 sit
1215 3810 1278 3874 boc

183 3921 355 4005 specimen
377 3919 478 3982 lautis
497 3917 669 4001 judicibus
684 3914 865 3980 liberaliter
879 3919 1072 3997 exceptum:
1094 3910 1183 3995 quod
1202 3929 1281 3976 sane

182 4023 237 4087 vel
253 4022 297 4086 ad
322 4022 410 4086 omui
428 4021 512 4085 luxu
534 4017 780 4102 typographico
798 4014 1098 4092 condecorandam,
1121 4031 1188 4096 quo
1204 4012 1279 4096 pul·

184 4123 294 4188 ebrius
330 4124 458 4188 ueniret
486 4120 693 4204 elegantibus
722 4117 899 4182 formarum
928 4115 1172 4200 spectatoribus
1188 4131 1280 4178 com-

183 4223 385 4303 mendatum,
408 4229 593 4309 apparatus
615 4241 656 4286 ne
678 4219 941 4285 sumtuosissimi
960 4217 1097 4303 quidem
1123 4234 1278 4282 cessave-
