3038 4864
243 1019 489 1101 DIONYSII
519 1021 756 1104 LAMBlNI
782 1017 1204 1107 PROLEGOMENA

177 1315 282 1408 DE
332 1316 393 1413 C.
431 1315 793 1410 MEMMIO
836 1319 1270 1432 GEMELLO,

361 1621 428 1675 cul
440 1621 572 1676 ΡΟΕΙΔ
585 1621 688 1676 SUUM
703 1621 866 1678 oswui·
880 1625 1089 1680 suemus.

173 2117 419 2207 Annonam
435 2137 694 2224 atypogrupbo,
715 2136 993 2223 pugiuumunum,
1007 2143 1110 2224 utqua
1132 2135 1271 2204 ulturum

172 2233 316 2308 vacuam
338 2240 420 2319 toro,
440 2240 504 2306 nisi
521 2240 617 2325 quid,
642 2259 711 2326 quo
740 2240 937 2326 exploratur,
958 2241 991 2305 oi
1008 2231 1270 2326 suppeditatum,

171 2343 247 2410 bauo
272 2342 386 2410 subito
400 2341 443 2408 da
458 2342 632 2408 Memmiis
657 2342 788 2428 scripsi.
833 2341 1029 2409 Mammium
1050 2351 1180 2428 gentum
1197 2344 1270 2428 pla·

171 2443 282 2510 baiam
299 2445 404 2510 fuisso
429 2442 600 2510 declarant
617 2445 803 2510 tribunatus
820 2444 928 2529 plubia
940 2465 961 2511 a
972 2445 1155 2512 -Mammiis
1172 2445 1268 2530 gasti.

171 2545 418 2625 Verumtamen,
433 2546 465 2612 si
479 2547 636 2614 nobilitua
648 2547 852 2631 antiquitate
868 2547 1036 2632 penditur,
1057 2549 1271 2614 nobilissima

171 2655 235 2715 ast.
278 2646 313 2713 A
334 2647 530 2714 Manostbuo
550 2648 638 2714 anim
656 2634 811 2733 'Trojmo
826 2647 998 2714 on‘undam
1020 2668 1097 2714 ossa
1111 2649 1270 2714 traditum

171 2755 236 2830 ast,
252 2751 355 2835 idque
368 2755 512 2816 testatur
525 2749 644 2834 Virgil.
659 2749 718 2816 lib.
731 2765 765 2814 v.
776 2750 851 2815 117.
862 2749 928 2816 boo
942 2769 1052 2829 versu,
1073 2749 1182 2815 ‘Mox
1197 2749 1271 2816 Ita·

171 2853 226 2918 lus
247 2851 452 2930 Mnestheus,
467 2871 568 2934 genus
589 2869 693 2935 aquo
703 2851 836 2916 nomino
852 2849 1026 2916 Memmi?
1055 2849 1181 2936 Itaque
1200 2869 1269 2918 nou

170 2955 336 3022 immerito
346 2952 446 3018 Luat.
456 2952 542 3018 buno
554 2951 593 3017 G.
606 2949 802 3018 Mammium
812 2950 1066 3032 Gemollum,atl
1081 2973 1179 3037 quom
1188 2971 1269 3020 suos

170 3056 278 3124 libros
292 3054 396 3134 misit,
411 3051 530 3118 ciorum
543 3048 687 3118 Memmii
695 3053 901 3140 propaginem
920 3042 1016 3120 (lixit.
1060 3055 1114 3120 Do
1128 3074 1196 3141 quo
1208 3073 1271 3142 po·

171 3158 350 3236 tissimum,
366 3156 490 3222 astons
503 3153 672 3221 Mummiis
682 3154 924 3242 prosternimus
934 3157 1033 3222 nimis
1046 3157 1136 3240 longi
1150 3156 1269 3237 simus,

171 3259 247 3326 hano
268 3277 378 3346 pauou
392 3257 554 3324 dinamus.
598 3255 670 3323 Hic
682 3258 783 3342 igitur
795 3258 853 3324 illo
868 3263 921 3324 ost
935 3257 974 3324 G.
994 3257 1175 3324 Memmius
1201 3257 1270 3324 Go-

171 3359 359 3442 mallus,'a‹i
377 3379 475 3446 quem
489 3359 627 3443 soriptae
641 3365 716 3424 sunt
728 3359 886 3444 epistoloe
902 3358 1063 3445 aliquota
1077 3360 1129 3425 M.
1144 3359 1270 3442 bullio,

171 3465 246 3532 Lib.
263 3481 350 3530 ιιιιι.
366 3463 467 3548 epist.
493 3459 538 3528 ad
552 3459 682 3530 Famil:
708 3461 822 3528 Patris
845 3461 1049 3540 exulantem,
1069 3480 1148 3530 cum
1162 3461 1270 3528 Atho·

171 3573 371 3646 nastamau,
381 3573 417 3631 ot
427 3563 610 3649 Mitylouus
624 3563 791 3630 interdum
805 3564 906 3630 itarat
921 3585 930 3630 ι
950 3563 982 3628 is
990 3563 1141 3646 tubunus
1154 3563 1201 3650 pl.
1217 3561 1269 3632 M.
1356 3603 1362 3616 ·

170 3669 350 3735 Lucullum
372 3667 561 3746 accusavit,
579 3671 696 3752 atquo
717 3666 828 3733 minus
843 3666 884 3732 1..
894 3666 1062 3732 Lucullus
1075 3665 1153 3750 ojus
1167 3665 1270 3733 natm

170 3770 398 3856 triumpharet,
417 3770 477 3835 (liu
492 3769 637 3836 obstitit.
680 3769 721 3835 1..
742 3769 877 3849 Pisone,
891 3774 925 3835 et
938 3767 982 3834 A·
1004 3766 1152 3834 Gabinio
1173 3787 1267 3836 ausa.

170 3871 532 3960 monumemtum
551 3891 597 3936 ax
618 3867 667 3935 M.
689 3870 795 3936 'lbllii
813 3871 872 3936 lib.
890 3887 914 3935 1.
927 3869 1066 3955 epistol.
1081 3871 1125 3936 ad
1140 3869 1185 3952 Q.
1211 3871 1268 3938 Fr.

170 3974 319 4061 epistola
335 3988 373 4037 11.
384 3973 420 4038 in
433 3977 517 4038 extr.
533 3971 714 4056 intelligam
728 3973 817 4038 licat.
860 3972 948 4038 Post
961 3975 1139 4056 praeturam
1150 3973 1268 4060 Bithy·

169 4077 226 4142 nia
237 4075 412 4160 provincia
426 4074 458 4140 ai
477 4072 617 4158 obtigit:
642 4093 710 4159 quo
733 4073 995 4159 proticiscentem
1016 4080 1149 4140 saoutus
1163 4081 1214 4141 ast
1227 4073 1266 4142 0.

169 4177 330 4244 Vularius
345 4176 514 4256 Catullus,
537 4181 576 4242 ut
587 4175 749 4244 catullus
760 4176 836 4262 ipso
851 4175 999 4263 quodam
1024 4175 1103 4242 looo
1117 4183 1267 4244 testatur.

172 4277 279 4344 Patiit
287 4282 406 4363 postas
419 4277 626 4345 consulatum
640 4289 719 4345 uum
729 4277 779 4344 M.
794 4279 932 4344 AEmilio
945 4278 1081 4356 Scauro,
1097 4277 1148 4344 M.
1161 4276 1266 4344 Vala-
