3038 4864
245 427 289 494 38
495 431 498 438 ’
583 443 788 493 nroursrus
812 441 1009 494 hausurus

247 589 399 676 sequitur
410 607 503 666 mox,

335 690 389 756 Tu
404 697 512 775 pater,
527 695 563 754 et
575 708 684 754 rerum
697 689 864 768 inventor,
879 695 915 754 tu
929 688 1040 772 patria
1053 687 1153 753 uobis

335 792 541 877 Suppeditas
556 797 739 877 praeeepta,
755 794 815 855 bc.

252 895 360 976 tertio,
374 896 408 960 in
422 895 586 979 prooemio
599 892 660 956 lib.
679 909 727 956 vr.
741 911 807 956 una
820 891 1004 976 eademque
1019 909 1124 976 opera
1133 893 1168 955 et
1181 885 1347 965 Athenas,

248 1000 307 1064 uhi
330 999 393 1066 fuit
415 997 598 1076 institutus,
624 1003 660 1060 et
681 995 867 1080 discipliuae
890 997 1094 1061 inventorem
1115 991 1270 1069 laudans,
1292 990 1348 1055 his

250 1103 417 1170 versibus.

335 1203 459 1269 Primae
474 1201 648 1287 frugiferos
662 1197 764 1270 foetus
779 1201 975 1270 mortalibus
989 1201 1091 1285 {egris

335 1305 535 1372 Dididerunt
549 1306 718 1392 quondam
734 1305 898 1388 praeclaro
912 1303 1043 1368 nomine
1056 1302 1213 1379 Athena,

335 1409 378 1474 Et
392 1417 621 1475 recreaverunt
634 1408 751 1485 vitam,
765 1406 921 1490 legesque
932 1413 1120 1490 rogarunt3·

333 1511 379 1576 Et
392 1512 511 1595 primae
526 1509 688 1574 dederunt
702 1508 826 1574 solatia
839 1507 953 1574 dulcia
967 1510 1059 1588 vitae,
1184 1565 1188 1572 .

333 1613 418 1680 (ium
434 1631 572 1696 genuere
587 1613 694 1678 virum
707 1613 768 1677 tali
782 1632 860 1678 cum
871 1611 972 1677 eorde
985 1616 1162 1698 repertum,

335 1715 461 1781 Omnia
474 1714 622 1781 veridico
638 1716 695 1799 qui
707 1714 877 1798 quondam
892 1734 937 1780 ex
950 1736 1011 1782 ore
1026 1713 1196 1800 profudit:

336 1816 446 1901 Cujus
458 1823 493 1883 et
505 1817 656 1895 extincti,
670 1822 807 1902 propter
821 1817 937 1885 divina
948 1821 1082 1903 reperta

335 1920 533 2012 Divulgato,
547 1927 645 1986 vetus
655 1919 727 2004 jam
742 1920 787 1985 ad
801 1920 925 1986 coelnm
941 1919 1049 2004 gloria
1061 1920 1175 1985 fertur.

251 2021 352 2103 Quod
375 2028 488 2088 autem
503 2043 525 2088 a
539 2020 742 2106 quibusdam
756 2021 927 2107 proditum
940 2023 1109 2086 memoriae
1122 2027 1186 2101 est,
1199 2017 1347 2085 lucretii

249 2143 393 2204 carmen,
408 2125 504 2212 quasi
519 2125 563 2190 ab
578 2133 715 2189 auctore
727 2122 931 2202 inchoatum,
944 2123 1092 2208 rudeque
1115 2130 1217 2206 atque
1239 2122 1347 2207 impo-

248 2227 345 2293 litum
359 2229 523 2307 relictum,
537 2247 560 2292 a
576 2225 625 2292 M.
640 2225 755 2292 Tullio
770 2247 845 2292 esse
859 2226 1078 2304 emendatum
1094 2224 1290 2310 perfectum,
1305 2244 1346 2290 ac

249 2331 468 2415 perpolitum
489 2328 525 2394 id
539 2348 602 2413 ego
614 2349 722 2413 neque
736 2329 903 2407 refellere,
922 2328 951 2393 si
976 2329 1090 2407 velim,
1112 2329 1251 2412 possim,
1269 2326 1348 2411 quia

251 2429 403 2514 Eusebii,
419 2433 479 2518 qui
494 2433 592 2520 hujus
608 2434 777 2519 opinionis
792 2440 907 2499 auctor
931 2437 991 2511 est,
1015 2432 1210 2509 auctoritas,
1232 2431 1276 2496 ab
1292 2447 1348 2506 eo,

249 2535 309 2620 qui
332 2536 494 2620 gravioris
518 2536 662 2622 alicujus
685 2538 886 2602 auctoritate
909 2542 1034 2614 careat,
1049 2535 1172 2600 elevari
1193 2529 1348 2598 autiudr·
1413 2563 1421 2576 ·

249 2641 333 2704 mari
356 2658 424 2705 nou
447 2644 580 2724 potest;
601 2658 710 2724 neque
730 2639 761 2704 si
778 2639 922 2723 possim,
937 2637 1047 2717 velim,
1062 2636 1221 2722 quiahoc
1235 2635 1348 2720 ipsum

251 2740 348 2806 nobis
361 2749 553 2826 argumento
567 2762 690 2828 magno
704 2742 805 2807 debet
826 2759 915 2820 esse,
928 2741 994 2806 hos
1008 2741 1133 2827 poiima
1148 2737 1348 2824 praeclarum

250 2839 301 2906 Μ.
325 2841 439 2908 'l'ullio
462 2863 540 2910 esse
562 2833 683 2924 visum,
707 2843 798 2930 quod
818 2843 854 2910 id
873 2843 1010 2928 dignum
1033 2863 1109 2910 esse
1124 2840 1297 2928 judicarit,
1312 2839 1349 2904 iu

254 2962 323 3029 quo
350 2944 558 3010 emendando
580 2965 720 3029 operam
745 2965 838 3011 suam
864 2945 1059 3011 collocaret.
1104 2944 1258 3010 Ceterum
1283 2943 1348 3008 hoo

249 3046 365 3112 videor
387 3065 431 3111 ex
456 3047 565 3132 ipsius
586 3044 736 3112 Lucretii
763 3048 929 3126 versibus,
951 3055 1052 3132 atque
1073 3067 1116 3112 ex
1145 3048 1221 3132 ipsa
1237 3045 1349 3129 operis

248 3167 391 3227 summa,
404 3147 599 3215 confirmare
621 3167 735 3232 posse,
760 3148 843 3214 nihil
863 3169 940 3216 esse
963 3151 999 3215 in
1019 3150 1085 3216 hoo
1100 3148 1257 3235 poemate
1270 3147 1350 3212 ioris

249 3252 449 3338 proiectum,
461 3250 541 3316 nihil
556 3251 715 3330 alienum,
726 3251 807 3317 nihil
822 3251 1059 3319 adventitium:
1075 3251 1136 3318 sed
1152 3251 1264 3319 omnia
1274 3269 1350 3317 esse

249 3353 446 3434 domesh'ca,
456 3353 548 3420 domi
555 3361 647 3433 nata,
656 3359 688 3420 et
696 3355 888 3420 remaculn:
910 3356 959 3421 ita
978 3360 1084 3421 totum
1100 3375 1187 3440 opus
1201 3354 1347 3438 simplex

250 3464 315 3537 est,
330 3462 364 3523 et
378 3477 490 3536 unum,
519 3465 552 3520 et
572 3457 617 3521 ab
641 3458 729 3522 omni
748 3465 843 3542 parte
867 3459 922 3523 sui
945 3459 1069 3537 simile,
1094 3459 1249 3543 quamvis
1272 3476 1349 3542 par-

109 3637 112 3646 *
249 3565 302 3625 tes
328 3559 395 3625 siut
411 3559 495 3624 inter
520 3577 557 3623 se
579 3557 761 3624 dissimiles
785 3577 827 3626 ac
849 3560 1011 3644 dispares.
1056 3558 1350 3640 Quemadmodum
1428 3615 1431 3620 .

248 3663 334 3728 euim
349 3660 483 3727 Phidiae
508 3659 709 3740 Minervam,
725 3663 882 3746 quamvis
897 3663 1109 3748 expertibus
1128 3661 1349 3727 dissimilibus

250 3770 434 3843 constaret,
447 3761 504 3851 (ut
518 3771 554 3829 et
566 3783 691 3848 corpus
698 3764 883 3832 humanum
896 3787 941 3831 ex
956 3767 1113 3832 membris
1125 3764 1350 3831 dissimilibus

252 3871 407 3934 constare
431 3885 569 3932 necesse
604 3864 685 3952 est,)
715 3876 827 3935 tamen
850 3890 926 3934 cum
955 3889 1030 3934 eam
1059 3871 1241 3955 aspiceres,
1280 3886 1349 3931 uon

250 3971 383 4037 diceres
405 3990 428 4035 a
447 3969 598 4054 pluribus
621 3971 805 4039 artificibus
828 3993 902 4038 esse
927 3971 1134 4051 fabricatam,
1149 3971 1209 4036 sed
1223 3973 1267 4040 ab
1281 3989 1350 4036 uno
1454 4053 1459 4072 κ

250 4073 376 4138 Phidia
399 4072 578 4157 perfectam
594 4079 691 4160 atque
716 4077 928 4156 absolutnm3
951 4076 1015 4155 sic,
1029 4094 1107 4140 cnm
1120 4074 1186 4139 hoo
1202 4073 1351 4140 divinum

251 4175 398 4243 Lucretii
424 4175 550 4262 podma
577 4197 647 4243 nno
674 4180 773 4266 quasi
797 4179 966 4246 oculorum
992 4179 1110 4244 obtutu
1133 4176 1350 4261 contemplor,

251 4277 368 4345 videor
390 4278 470 4346 mihi
495 4299 561 4344 non
581 4279 726 4364 plurium
751 4281 951 4364 scriptorum
975 4279 1138 4357 calamos,
1163 4276 1223 4344 sed
1248 4277 1351 4371 unius
