3090 4886
273 357 339 423 89⁹2
643 375 676 422 n.
704 373 878 426 nucuuuu
905 375 992 425 cunr

319 516 373 594 Ei,
385 505 543 600 qudniam
559 521 631 582 toto
645 519 808 582 sentimus
822 537 963 602 corpore
978 519 1090 582 inesse

275 617 424 682 Vitalem
440 635 585 696 sensum,
606 627 643 683 et
656 626 763 685 totum
778 639 854 684 esse
869 618 1011 683 animale
1027 618 1196 694 videmus3
1303 613 1374 678 635

281 721 320 785 Si
335 719 449 784 subito
460 719 606 784 medium
622 721 720 787 celeri
735 720 923 806 praeciderit
937 725 1006 786 ictu

278 851 424 916 percipimur
435 866 525 902 remea
541 853 596 902 rue
607 867 656 903 erae
668 853 693 902 iu
704 853 812 902 uniuerso
822 867 936 916 corporee
951 859 974 902 ei
985 851 1135 902 semiramin
1152 855 1201 898 trie
1213 849 1310 898 aninaii
1321 861 1373 896 esre

274 916 421 979 «Μή
440 917 551 966 uiolentia
568 920 674 980 quedam
688 924 781 982 repente
791 919 905 968 secaverit
921 919 996 981 pinge
1013 918 1134 981 repentine
1154 925 1237 966 tutum
1249 913 1317 963 istud
1329 928 1375 976 per

730 1029 806 1049 “m
808 1029 913 1049 θθθθθθθ

274 1120 375 1156 necesse
392 1106 471 1156 Vind.
482 1109 590 1171 etvuig.
601 1108 741 1159 edd—iiis
759 1116 807 1160 tutu
825 1111 899 1159 Vosr.
923 1115 1017 1158 vetet
1039 1109 1069 1158 ir.
1089 1109 1207 1160 B.-usu
1221 1103 1371 1170 proesriderit

277 1170 310 1220 P.
330 1171 363 1220 V.
375 1171 416 1221 ed.
428 1171 496 1221 Mus.
508 1171 539 1221 B.
550 1176 574 1222 t.
592 1173 639 1222 uh.
652 1175 698 1222 iia.
709 1173 769 1223 Aid.
780 1173 852 1223 Ferr.
874 1175 1006 1237 pranderit
1019 1173 1088 1223 Mur.
1100 1172 1132 1222 B.
1144 1177 1168 1221 2.
1200 1171 1234 1221 ii.
1247 1185 1282 1220 ue.
1293 1167 1370 1218 deest

769 1284 874 1336 NOTAE

277 1380 399 1430 easaeine
413 1396 521 1446 corpore
539 1398 584 1431 seu
602 1383 657 1430 aine
674 1382 806 1446 corporeis
848 1389 927 1445 ceput
944 1382 1040 1445 ripere
1057 1379 1198 1429 abscissum
1215 1377 1258 1426 diu
1275 1375 1377 1436 virere,

276 1457 389 1519 organis.
405 1457 455 1506 Vei
467 1472 519 1506 rem
531 1459 569 1508 ita
581 1460 680 1523 capias,
688 1469 718 1507 ut
730 1458 807 1522 poe'ta
846 1474 877 1509 ec
889 1461 957 1525 styio
968 1459 1125 1508 lancinatum
1136 1469 1181 1505 nra
1191 1455 1318 1504 mordiens
1331 1468 1377 1518 ap-

277 1532 341 1583 veiit
362 1533 408 1582 hor
431 1547 519 1583 sensns
546 1533 631 1583 inesse
657 1547 707 1582 non
730 1547 806 1597 posse
848 1537 1009 1601 prehendere
1036 1535 1222 1585 lacessentem:
1247 1531 1374 1597 reliquum

276 1621 390 1657 seorsum
409 1609 501 1658 animm
519 1617 656 1672 separntae,
674 1622 732 1658 cum
751 1623 806 1659 ror·
846 1611 948 1662 interim
965 1625 1058 1674 corpur
1075 1617 1135 1661 cute
1152 1607 1273 1658 nudatum
1294 1613 1376 1671 atque

276 1699 358 1746 porea
372 1699 424 1736 nnn
443 1684 525 1735 ieret:
543 1685 632 1750 sicque
650 1684 714 1736 saian
726 1687 806 1736 intro·
847 1693 1035 1749 exenteratum,
1055 1693 1083 1736 et
1110 1684 1251 1736 visceribus
1273 1682 1378 1733 curiose

276 1760 368 1810 ductas
378 1761 451 1810 nobie
467 1761 547 1811 iuisae
565 1763 664 1810 animas
675 1761 744 1826 apud
763 1761 806 1812 in·
847 1764 974 1825 orbatum,
995 1777 1025 1813 ac
1047 1763 1072 1812 in
1097 1761 1192 1826 pelvim
1215 1774 1289 1826 aque
1315 1773 1377 1822 pru·

276 1835 346 1886 ieros
368 1838 481 1887 existere
503 1853 561 1888 enm
584 1838 707 1888 rensibus.
740 1839 805 1890 Qum
842 1840 943 1904 jectum
954 1838 1120 1890 observatum
1131 1845 1172 1888 eet
1181 1836 1267 1886 valide
1278 1835 1376 1885 viairee

276 1926 398 1976 germana
414 1929 485 1964 mens
502 1915 615 1966 Lucretii
634 1915 719 1979 potins
736 1913 805 1965 vide·
845 1914 985 1977 editorem,
996 1927 1027 1964 ae
1044 1927 1147 1964 movere
1158 1927 1194 1962 ae.
1226 1911 1312 1974 igitur
1324 1909 1378 1974 aig·

277 1999 328 2038 tur.
373 1989 443 2040 iiiuc
463 1991 565 2055 legendi
588 1996 641 2041 tres
658 1992 700 2042 isti
720 2005 806 2040 versus
846 2006 906 2042 nuru
926 1999 975 2049 eet,
997 1990 1169 2057 quodminus
1189 1986 1375 2038 ritmortaiir:

276 2064 427 2115 aieinrent:
456 2068 491 2116 Ae
512 2081 584 2129 neque
605 2083 707 2116 nurum
728 2068 800 2129 nerii,
846 2075 901 2129 aut,
916 2067 985 2132 quud
1001 2065 1138 2116 ebrardum
1155 2069 1378 2126 eat‚necesseeat

276 2155 349 2204 neque
377 2157 453 2204 nares,
482 2157 525 2190 ece
554 2157 636 2192 mnus
664 2145 715 2206 ipru
744 2145 804 2193 Erre
845 2145 939 2193 muitaa
949 2143 976 2192 in
989 2157 1039 2192 unu
1051 2141 1154 2192 animali
1170 2140 1253 2190 inesse
1270 2137 1378 2187 animas.

275 2221 357 2280 petest
378 2219 475 2268 misen:
494 2233 564 2280 aeque
581 2234 693 2280 seorsum,
714 2219 806 2283 liner,
847 2219 952 2280 Verum,
963 2218 1050 2280 utjanr
1063 2229 1133 2280 saepe
1145 2223 1294 2278 responsum
1305 2222 1348 2265 eat
1359 2227 1377 2262 a

279 2307 352 2355 neque
373 2307 443 2342 aurea
463 2293 579 2343 Auditum
604 2309 647 2358 per
668 2310 692 2344 se
710 2300 805 2359 posenni
845 2295 919 2344 nobie
931 2291 1379 2358 eupra,animamirumauamincur·

275 2370 376 2432 rentur,
397 2386 439 2420 nee
461 2385 520 2422 erse.
561 2372 619 2424 Quo
649 2379 727 2435 pacto
752 2377 806 2422 trer
847 2381 950 2433 peream
962 2383 1018 2418 esse
1029 2366 1092 2416 fides
1104 2379 1150 2416 uus
1160 2365 1246 2414 docet.
1269 2361 1377 2414 Deinde

279 2445 317 2495 iiii
348 2445 505 2496 Lambiniani
535 2449 627 2510 procui
657 2448 806 2498 removendi
846 2445 868 2508 si
880 2444 1112 2507 menspeeuiiarem
1121 2441 1169 2490 eibi
1179 2440 1276 2504 delegit
1286 2438 1377 2488 sedern

277 2527 348 2570 sunt.
846 2520 872 2569 in
892 2527 1010 2583 pectore,
1026 2531 1155 2582 uunquam
1172 2517 1256 2566 necari
1275 2515 1378 2579 poterit

310 2601 359 2648 uti
376 2597 603 2662 diminuuntur,
621 2599 673 2664 ipe]
697 2601 746 2650 Hir
763 2605 803 2650 au.
846 2594 970 2658 ipsuum
986 2593 1092 2645 discisso
1109 2600 1216 2658 pectore
1233 2592 1259 2640 in
1277 2598 1377 2655 parter.

275 2687 326 2724 uas.
354 2675 503 2725 continetur
531 2687 588 2726 xur.
615 2683 803 2740 argumentum.
844 2670 920 2723 erod
933 2679 1018 2720 temen
1028 2667 1222 2718 iaiaumevenit.
1241 2665 1380 2718 Praeterea

276 2747 406 2812 Quicquid
423 2749 506 2799 reindi
524 2758 612 2813 potere
628 2759 655 2801 et
673 2753 697 2800 in
717 2760 804 2816 perier
845 2745 870 2794 in
882 2745 913 2794 iis
926 2745 1023 2794 truncis
1036 2759 1066 2794 ae
1079 2743 1186 2794 resectis
1197 2741 1317 2792 membris
1328 2745 1379 2792 aui-

274 2822 367 2885 dividi,
379 2824 441 2873 iiiud
455 2839 505 2874 nou
514 2833 554 2875 est
567 2834 694 2878 eternum
712 2841 742 2877 ac
759 2827 803 2875 irn-
845 2821 928 2886 iituur,
938 2835 995 2887 quse
1007 2820 1186 2885 inexemplum
1195 2816 1379 2868 affurthcre·

275 2899 393 2959 mortue,
416 2898 462 2947 sed
483 2898 610 2950 caducum
632 2916 662 2952 ac
688 2903 804 2956 nrurteie.
846 2899 905 2961 tiur,
927 2913 977 2947 non
996 2897 1081 2947 anima
1098 2903 1226 2958 remanet,
1246 2895 1291 2944 red
1308 2896 1378 2944 certi

276 2973 343 3025 Quia
366 2973 414 3022 iruc
436 2975 587 3037 negaverit?
619 2976 699 3042 Atqui
721 2979 805 3028 anima
845 2975 951 3038 spiritua
968 2974 1054 3036 calidi,
1072 2973 1116 3038 qui
1133 2972 1203 3022 iutra
1224 2985 1316 3022 nerrua
1344 2985 1377 3020 ue

275 3047 411 3109 scinditur,
441 3055 469 3098 et
496 3049 522 3098 in
548 3057 635 3113 parter
662 3052 801 3102 dividitur:
845 3051 972 3102 musculos
989 3049 1141 3112 superstites
1158 3047 1258 3110 agitant
1274 3061 1304 3097 ec
1319 3061 1378 3096 mn·

274 3125 342 3190 qrrod
355 3125 410 3188 jem
428 3133 455 3174 et
471 3126 572 3177 ratione
590 3128 692 3192 probat,
716 3141 743 3180 et
760 3145 803 3180 ex.
844 3133 906 3177 vent
932 3135 1036 3176 truncos
1063 3132 1148 3183 urtus;
1176 3135 1225 3172 nec
1250 3121 1380 3172 deserunt

275 3202 420 3266 perimente
429 3201 526 3266 dupiiei
537 3203 679 3256 confirmet.
701 3207 804 3272 itaque,
843 3203 899 3252 iiior
911 3203 991 3266 prius,
999 3215 1075 3266 quam
1087 3209 1177 3263 torpor
1185 3197 1302 3263 refrigua
1312 3213 1378 3250 eun·

274 3293 334 3328 curu
357 3279 440 3329 anima
464 3277 559 3328 diffusa
585 3280 619 3330 ait
647 3295 694 3345 per
722 3289 803 3334 toturn
844 3287 991 3342 aequentur.
1025 3275 1101 3328 Quod
1118 3282 1204 3325 autem
1218 3273 1250 3323 ud
1269 3288 1380 3338 eerpeu·

274 3366 378 3416 eorpus,
402 3361 430 3404 ut
457 3355 547 3406 docuit
573 3370 660 3419 supra,
687 3358 804 3420 requitur
844 3355 879 3405 tis
889 3363 978 3419 partes
989 3350 1235 3418 spectat,dicoiiias
1246 3349 1324 3400 etiam
1336 3363 1380 3399 re-

274 3435 305 3477 ut
325 3429 412 3480 recinis
435 3432 550 3493 corperis
572 3430 693 3479 membris
719 3432 804 3482 anima
844 3437 929 3479 sectas
942 3429 1058 3489 animari,
1069 3429 1128 3493 quia
1139 3441 1264 3491 corporea
1275 3427 1380 3476 estrui-

275 3516 376 3567 quoque
407 3504 568 3552 rescindatur
601 3517 631 3551 ac
661 3503 803 3556 dividetur.
844 3512 958 3556 mentum
970 3505 1055 3553 anima
1066 3504 1163 3567 pariter
1175 3518 1206 3552 ae
1217 3503 1344 3552 mortalia.

276 3575 693 3641 Remcunflrmstexperiruentia.
721 3591 741 3630 r.
752 3581 803 3630 Ubi
877 3583 923 3630 utu
944 3581 1027 3631 Totum
1042 3594 1092 3630 esee
1110 3577 1381 3641 eaimrie]1.e.ani·

275 3661 367 3704 trunca
383 3654 498 3703 membra
517 3653 625 3704 miiitum
643 3655 703 3704 oiiur
725 3654 804 3706 eiai—
845 3669 913 3705 mam
929 3671 988 3706 ease
1006 3656 1033 3706 in
1054 3663 1110 3707 tuto
1129 3656 1245 3717 animali,
1260 3669 1305 3706 eeu
1324 3656 1381 3705 eni-

275 3730 341 3778 eatia
353 3727 470 3778 curritur
486 3729 554 3779 humi
571 3730 804 3793 deciderant,ritm
845 3731 919 3781 maiis
943 3731 1045 3782 cunetis
1070 3729 1196 3794 partibus.
1234 3730 1285 3779 Ubi
1304 3731 1378 3780 enim

275 3811 362 3853 tamen
384 3805 531 3867 superstitit
553 3807 662 3870 vertigia
684 3806 804 3871 prefere-
845 3814 905 3855 aunt
917 3807 1007 3856 anime
1019 3806 1166 3871 fatuitates,
1177 3807 1378 3858 ibieutauima:

275 3878 355 3939 buni3
372 3893 480 3944 namque
499 3881 672 3946 palpitabunt,
688 3889 716 3932 et
732 3891 803 3934 motu
844 3895 928 3946 neque
945 3883 1013 3933 enirn
1031 3882 1070 3931 irre
1087 3880 1227 3934 iacuitatea
1245 3897 1302 3932 ease
1314 3899 1379 3947 por-

277 3951 387 4018 quodam
411 3955 471 4005 vitre
492 3957 633 4020 agebantur
652 3958 744 4008 adium.
772 3973 803 4012 u.
843 3959 1010 4024 auntubsque
1028 3957 1381 4024 fundumentu,aquoema-

277 4029 306 4078 Si
321 4037 469 4093 serpentem
485 4030 510 4078 in
528 4031 613 4093 piures
629 4043 716 4096 partes
734 4049 803 4085 seca·
843 4042 917 4095 nant,
927 4041 954 4084 et
965 4034 1032 4099 quod
1051 4042 1092 4084 eat
1109 4035 1201 4084 anima.
1234 4034 1379 4085 iiineAri·

277 4105 355 4164 reris,
364 4119 474 4171 queque
483 4120 662 4170 parereoraum
671 4108 715 4158 din
725 4111 805 4175 vivat,
844 4110 953 4160 atuteier
964 4109 1041 4172 dixit,
1049 4107 1070 4158 ai
1080 4110 1168 4158 ocuiua
1177 4120 1247 4160 erret
1258 4111 1285 4160 in
1296 4111 1381 4176 pede,

276 4185 304 4227 et
311 4187 442 4242 moretum
452 4181 528 4230 immo
536 4185 639 4245 experti
650 4190 709 4234 suut
717 4186 803 4248 piures
845 4188 937 4252 pedem
947 4189 1036 4256 utique
1049 4189 1168 4241 risurum.
