3038 4864
257 387 303 456 ⁴2
347 421 349 427 ,
596 393 800 456 nruursr‘us
825 405 1018 458 urunrrus

258 548 390 617 nullum
404 545 601 618 dubitationi
625 550 736 617 locnm
758 551 959 635 relinquunt.
985 613 988 620 ,
1003 548 1091 617 Sunt
1103 554 1218 615 antam
1229 547 1264 614 lri
1278 565 1356 614 rar·

264 667 340 719 sus:

352 753 452 822 Nunc
466 773 578 822 omncs
592 763 743 841 repetam
757 775 859 841 qnam
874 775 949 822 raro
964 775 1103 840 corpora
1117 751 1261 820 sint'rcs

346 856 634 924 Commemornrc:
657 858 748 942 qnod
765 859 801 923 in
815 861 922 945 primo
932 860 1005 944 jam
1021 859 1167 924 carmine
1183 858 1294 924 clarat

259 959 322 1025 ‘In
336 961 443 1046 primo
454 960 623 1042 carminc,'
635 961 702 1027 buc
716 969 781 1043 cst,
795 964 850 1028 ‘in
862 963 971 1048 primo
984 959 1090 1029 libro!
1133 957 1183 1028 At
1208 960 1264 1024 ‘in
1285 958 1355 1044 pri·

258 1080 314 1129 mu
334 1063 443 1144 libro:
467 1065 503 1128 in
525 1083 579 1142 co,
604 1063 751 1149 inquam,
776 1063 875 1143 libro,
891 1065 950 1149 qui
964 1063 1064 1148 vulgo
1078 1062 1165 1129 libor
1178 1060 1356 1146 primusct

257 1165 449 1232 inscribitur
470 1175 506 1232 ct
526 1173 725 1247 numeratur,
745 1172 965 1253 pustannam
987 1167 1118 1250 aliquot
1130 1165 1284 1230 versibus
1298 1181 1353 1228 us·

257 1267 375 1347 tandit,
389 1288 465 1335 csse
480 1288 622 1354 corpora
635 1269 793 1354 quasdam
808 1269 1027 1348 solidissima,
1041 1277 1077 1334 et
1090 1266 1352 1352 simplicissima,

255 1389 333 1455 quae
354 1371 534 1455 primordia
551 1391 659 1437 rernm
675 1373 839 1450 dicuntur,
854 1373 954 1438 ducat
967 1371 1139 1449 continno,
1153 1369 1228 1436 assu
1243 1369 1353 1445 inane,

256 1479 292 1538 at
304 1456 359 1539 rus
373 1476 503 1558 garritus
518 1493 656 1560 curpcra
670 1491 745 1540 raro
760 1481 926 1553 constare,
948 1495 997 1540 vs.
1020 1473 1095 1538 lim.

342 1575 421 1643 Noc
435 1585 550 1643 tamen
562 1576 711 1663 undiquc
725 1597 887 1664 corpurca
900 1580 1027 1663 stipata
1041 1581 1193 1642 tsnuutnr

256 1709 260 1715 ¹
341 1679 467 1744 Omnia
480 1686 611 1758 natura,
624 1698 765 1764 namque
781 1685 834 1746 cst
847 1681 881 1744 in
894 1681 996 1746 rabns
1009 1679 1119 1758 inane,
1132 1679 1192 1744 &c

256 1787 294 1848 ot
306 1781 522 1947 8⁴limitatus,
536 1870 689 1954 quumvis
702 1867 823 1935 solidae
838 1888 893 1936 ras
908 1887 986 1934 ussa
999 1873 1169 1953 putantur,

340 1968 433 2035 Hinc
446 1975 555 2036 tamum
566 1991 641 2038 ussa
656 1973 737 2040 licat
750 1991 824 2040 raru
839 1993 917 2038 cum
928 1991 1071 2058 corpure
1085 1989 1222 2040 carnus:

342 2070 385 2138 In
399 2073 493 2140 suxis
507 2093 549 2140 ac
563 2076 736 2159 speluncis
750 2080 924 2160 permanat
942 2093 1106 2160 aquarum

342 2173 504 2261 liquidus
518 2177 645 2254 humor,
658 2184 692 2243 et
706 2178 864 2244 uberibus
878 2177 960 2244 flant
973 2179 1087 2243 omniu
1099 2177 1212 2262 guttis,
1225 2180 1286 2244 &c

257 2277 362 2359 Quod
376 2286 491 2347 autam
517 2279 560 2344 ad
583 2298 715 2346 cursum
728 2278 821 2346 illum
836 2282 964 2360 attinet,
979 2281 1039 2365 qni
1054 2279 1149 2364 apud
1162 2278 1350 2346 Varronem

256 2379 415 2448 Immntiu
428 2383 615 2462 ascribitur,
636 2384 733 2448 lucus
757 2388 809 2449 est
832 2382 923 2467 apud
951 2380 1138 2448 Varronem
1162 2387 1350 2467 corruptus,

255 2491 292 2550 ut
312 2484 369 2551 rol
390 2484 514 2552 Lucilii
536 2485 593 2552 rel
617 2487 760 2571 alicujus
784 2486 874 2552 nlius
903 2485 1090 2569 scriptoris,
1104 2485 1205 2551 nobis
1233 2485 1346 2569 ignoti,

253 2607 376 2662 noman
399 2609 458 2674 pru
481 2588 629 2656 Lucretii
647 2591 779 2656 numina
802 2587 1029 2674 reponendum
1050 2595 1115 2654 est.
1159 2588 1195 2654 N
1197 2607 1252 2654 nm
1278 2589 1347 2672 pri·

252 2709 343 2758 mum
356 2693 537 2760 verisimilu
549 2711 617 2760 nnn
631 2697 694 2771 ost,
710 2692 762 2758 Μ.
777 2687 972 2758 Terentium
986 2689 1173 2757 Varronem
1187 2711 1210 2757 a
1223 2690 1348 2756 Lucre·

251 2795 312 2875 liu,
334 2795 435 2880 lunga
457 2796 583 2862 rnincra
605 2803 699 2877 nutu,
720 2793 950 2863 testimoninm
964 2793 1138 2872 sumsisse,
1151 2800 1192 2859 nt
1204 2811 1315 2876 nuqua
1327 2811 1350 2858 n

252 2916 423 2984 quoquam
448 2899 518 2964 ulio
540 2897 688 2965 interimi
711 2897 824 2964 artatis
843 2895 1021 2980 scriptura.
1075 2894 1180 2975 Quin,
1197 2896 1228 2960 si
1245 2893 1349 2960 Euss-

253 2999 312 3066 biu
326 2999 505 3078 credimus,
522 3001 581 3084 qui
595 2999 788 3067 Incrctinm
811 3007 961 3066 nostrum
976 2997 1094 3064 scribit
1104 3017 1195 3074 annu
1208 3003 1284 3083 post
1298 2995 1349 3062 Μ.

250 3099 444 3168 Tonantium
466 3100 654 3168 Varronem
676 3117 789 3167 xxrv.
812 3107 891 3187 pust
908 3101 959 3166 Μ.
977 3100 1127 3168 Tullium
1141 3101 1349 3180 Ciceronum,

253 3219 310 3270 xr.
325 3209 442 3271 natum
455 3225 541 3286 essa,
562 3206 708 3272 turtum
719 3204 774 3271 bic
789 3203 891 3292 polita
901 3203 1049 3270 nondum
1061 3203 1162 3272 ullum
1172 3203 1216 3270 dc
1228 3211 1351 3270 natura

252 3325 362 3374 rernm
385 3308 514 3374 literam
540 3307 667 3374 incurat
691 3325 768 3372 cnm
791 3304 900 3374 Varro
925 3325 1005 3374 suus
1025 3305 1068 3372 da
1089 3306 1201 3390 lingua
1226 3305 1349 3374 Latina

251 3407 357 3475 libros
382 3409 558 3478 absolutus
581 3410 625 3476 ad
642 3410 692 3475 Μ.
718 3409 866 3476 Tullium
887 3410 998 3490 misit3
1030 3415 1089 3476 sut
1110 3414 1200 3476 curta
1224 3409 1248 3476 ii
1271 3409 1349 3476 libri

250 3512 397 3580 nondum
421 3514 464 3579 ad
486 3533 606 3580 munus
627 3513 797 3580 bominum
812 3519 1046 3598 pervenerant,
1059 3531 1168 3598 nuque
1186 3515 1221 3580 in
1238 3513 1356 3588 lucam„

249 3613 332 3681 editi
344 3613 482 3683 fuerunt.
526 3615 676 3702 Nequit
701 3625 812 3683 autum
835 3617 941 3696 dicat,
963 3615 1077 3682 audax
1096 3615 1230 3682 facinus
1258 3633 1347 3693 ussa,

162 3737 172 3758 ·
250 3716 411 3784 librorum
436 3719 594 3796 omnium,
617 3719 677 3804 qni
699 3718 905 3798 ciuitatem,
929 3737 1131 3784 consensum
1156 3715 1345 3801 repudiare,

250 3821 547 3905 auctoritatumque
578 3821 765 3904 aspernari,
802 3820 978 3888 ostendum
1005 3819 1113 3886 simila
1141 3827 1283 3886 arratum
1311 3818 1348 3882 in

249 3923 380 3988 nomina
395 3921 543 3989 Lucretii
557 3922 802 4008 apudcuuticm
815 3924 1015 4007 scripturam
1024 3922 1085 3989 lib.
1101 3939 1150 3987 vr.
1161 3921 1346 3991 inbmsisss.

250 4023 309 4090 Sic
323 4026 409 4091 cnim
423 4027 525 4109 vulgo
538 4027 675 4110 legitur,
689 4028 804 4112 ‘apud
818 4027 1023 4105 Lucretium,

334 4125 450 4214 Atque
464 4129 598 4214 aliquus
612 4130 659 4196 ibi
675 4131 719 4196 ab
734 4133 835 4198 rebus
849 4129 1002 4214 clepscrc
1016 4125 1110 4193 turc!

251 4225 341 4296 Nam
356 4229 428 4298 sinc
441 4229 544 4300 dubio
556 4229 741 4316 lugendum,
766 4237 776 4266 ‘
792 4231 883 4318 apud
899 4229 1079 4326 Lucilium,
