3038 4864
648 367 839 416 srrsrocs.
1245 350 1289 418 52

285 507 372 587 Quis
383 527 496 593 regere
510 509 664 575 immensi
678 529 857 587 summam,
879 511 955 596 quis
968 512 1091 578 hebere
1104 511 1260 597 profundi

283 608 370 676 Indu
385 630 487 676 mann
502 611 631 678 relidas
645 613 734 696 potis
748 621 802 678 eet
814 612 1020 680 moderanter
1033 614 1210 682 damnosi

198 717 233 778 et
243 731 319 796 quae
330 722 519 798 sequuntur.
543 711 661 779 Videu’
673 717 921 797 argumentum?
936 717 1181 800 ineptissimum
1195 715 1290 797 iliud,

197 817 242 880 ab
257 815 356 882 inerti
363 835 479 882 revera
488 835 529 882 ac
540 816 628 900 turpi
639 817 785 900 quodam
794 816 867 882 utin
876 816 1074 898 desumtnm,
1085 819 1175 904 quud
1187 839 1291 906 quun-

196 924 230 984 to
245 923 328 998 risu,
342 939 383 984 eu
401 921 544 998 nomine,
565 920 814 996 necimmerito,
829 921 872 986 ab
887 921 1086 988 adversariis
1098 923 1210 1007 excipi
1222 921 1291 988 tere

196 1023 330 1102 soleret,
345 1023 398 1088 vei
408 1041 453 1087 ex
474 1021 551 1107 ipso
567 1021 739 1099 Cicerone,
757 1021 796 1115 ¹in
811 1021 910 1086 libris
925 1023 967 1088 de
982 1023 1116 1090 Natura
1131 1025 1291 1105 Deorum,

107 1207 110 1215 ¹
197 1130 338 1190 condet.
375 1123 537 1206 Exsurgit
558 1131 668 1188 tamen
694 1143 736 1188 eo
760 1123 979 1208 philosophus
994 1137 1116 1204 noster,
1136 1135 1173 1192 et
1193 1133 1291 1194 tantu

197 1227 315 1311 majori
328 1245 411 1292 cura
431 1246 569 1311 opernm
592 1227 697 1304 dabit,
722 1233 762 1291 ut
782 1228 942 1292 intectum
960 1229 1043 1294 iliud
1062 1229 1128 1296 eibi
1152 1229 1291 1295 inviola-

172 1363 176 1372 ‚
198 1336 334 1414 tumque
348 1338 535 1394 conservet.
580 1327 670 1407 Quid
685 1328 808 1410 igituri
830 1346 892 1394 eos
917 1329 1020 1413 ipsos,
1042 1349 1127 1415 quos
1143 1329 1293 1398 humana

197 1431 281 1496 nihil
295 1451 409 1498 curare
423 1431 597 1498 contendit
615 1430 718 1506 Deos,
731 1428 914 1513 derepente
930 1437 1083 1509 testatus,
1098 1431 1183 1516 justi
1197 1453 1292 1516 ergu-

197 1537 302 1600 menti
309 1537 384 1601 loco
389 1533 608 1620 jnrisjurandi
615 1533 790 1597 formulam
799 1532 967 1617 quendum
981 1535 1098 1600 vibrat
1120 1533 1294 1620 Atqrreite

198 1657 241 1704 eu
254 1639 354 1715 ratio,
371 1637 406 1702 in
428 1655 497 1721 qna
511 1655 641 1702 summa
655 1637 702 1700 rei
715 1635 821 1700 totius
837 1637 1037 1715 vertebatur,
1051 1637 1102 1722 (id
1117 1639 1208 1722 qnod
1224 1639 1293 1706 De·

197 1740 381 1806 mosthenis
394 1741 471 1806 loco
485 1739 630 1824 quodam
651 1737 762 1803 mirari
776 1739 859 1804 satis
876 1748 1045 1824 nequeunt
1057 1745 1195 1826 uterque
1217 1761 1294 1808 num

197 1843 424 1926 Hermogenes
444 1853 513 1909 tum
528 1837 714 1924 Longinus)
727 1841 917 1922 prtrdmtrira
930 1837 1025 1922 οὕτως,
1040 1839 1114 1908 ὥστε
1126 1847 1294 1924 pnnrrrir

197 1949 234 2020 ιΙς
248 1943 337 2032 ὅρκον,
350 1945 480 2022 eminio
494 1941 683 2032 Mpvrrpdrpro
696 1942 745 2006 zoi
755 1940 881 2029 μῦγιθος.
924 1945 1188 2031 Similiapnssim
1202 1947 1237 2013 in
1246 1948 1295 2012 in·

195 2048 357 2115 uenientis
364 2049 463 2114 istius
471 2047 644 2131 sapientire
651 2045 789 2130 plecitis
797 2045 888 2131 apud
898 2053 1046 2114 nostmm
1054 2048 1297 2134 deprehendere

196 2152 284 2218 licet
328 2151 475 2236 Reliqua
489 2169 580 2231 vero,
594 2151 717 2234 quibus
731 2148 935 2216 etinvidiam
948 2149 1133 2236 profligatur
1142 2153 1238 2237 quasi
1255 2173 1296 2219 uc

197 2255 340 2340 perditur
358 2255 440 2320 vitre
463 2272 486 2320 a
507 2273 545 2320 se
571 2253 713 2340 suisque
734 2253 911 2338 Epicureis
933 2253 1062 2319 amoliri
1085 2261 1237 2333 conatur,
1262 2260 1297 2321 et

194 2358 230 2426 in
246 2377 323 2424 vere
337 2359 498 2442 ingratos,
508 2359 681 2442 superbos,
695 2359 757 2422 &c
773 2357 922 2440 insurgit,
938 2364 1066 2441 quante
1076 2359 1239 2439 grevitute
1255 2378 1296 2423 ac

197 2460 416 2540 vehementia,
432 2458 649 2544 proferantur,
670 2458 752 2544 quid
766 2461 884 2526 attinet
898 2459 1032 2526 diceret
1063 2457 1148 2525 Mihi
1162 2461 1297 2545 quidem

196 2581 303 2649 neque
324 2565 433 2630 verius
452 2581 560 2648 neque
574 2563 725 2628 severina
741 2562 785 2628 ub
800 2562 868 2628 nllo
880 2580 1027 2646 unquam
1049 2562 1178 2640 Stoico,
1197 2563 1297 2628 modo

196 2684 219 2729 n
232 2665 445 2732 fundamento
456 2685 519 2732 suo
535 2666 733 2744 avellantur,
745 2663 813 2730 dici
827 2665 978 2748 potuisse
991 2663 1145 2729 videntur
1153 2665 1230 2743 istu,
1240 2687 1295 2732 ex.

197 2787 244 2850 gr.
259 2788 338 2852 qum
360 2769 418 2834 lib.
432 2789 465 2834 v.
486 2769 661 2855 prooemio,
684 2774 863 2854 postquem
881 2767 954 2832 sine
979 2765 1108 2832 Cereris
1121 2774 1155 2832 et
1169 2766 1297 2834 Bacchi
1314 2843 1315 2848 ,

202 2869 302 2935 donis
324 2871 429 2938 vitem
448 2877 556 2938 tamen
575 2889 707 2936 manere
732 2870 883 2954 potuisse
899 2867 997 2948 dixit,
1011 2867 1061 2936 ita
1084 2869 1198 2934 infert:
1221 2869 1298 2936 ‘Ar

197 2972 364 3040 benenom
379 2978 513 3058 poteret
533 2975 603 3038 sine
618 2993 703 3059 puro
718 2978 851 3058 pectore
866 2971 956 3038 vivi!
978 2971 1035 3050 Et,
1050 2979 1199 3052 ostenso,
1212 2972 1294 3039 nihii

197 3077 295 3143 nobis
306 3083 482 3162 tantopere
494 3095 613 3142 nocere
628 3074 717 3142 ieras
731 3076 873 3154 bestias,
885 3075 967 3159 quin
982 3073 1167 3142 Herculeis
1182 3093 1296 3142 carere

196 3181 366 3264 possimne
379 3181 560 3256 laboribus,
575 3178 711 3264 subjicit
725 3185 853 3246 tumen:
875 3176 948 3243 ‘At
965 3178 1032 3242 nisi
1046 3185 1220 3262 purgatum
1245 3182 1298 3244 est

198 3289 329 3367 pectus,
342 3281 413 3348 8ch
460 3281 620 3365 Denique,
638 3282 774 3366 quoties
789 3281 951 3346 adversus
966 3279 1249 3362 superstitionem.
1263 3287 1299 3344 et

197 3387 310 3451 verius
324 3383 426 3469 Vuig.
453 3385 642 3469 opiniones,
668 3384 815 3450 behem
838 3385 905 3449 sibi
920 3379 1107 3448 laxandum
1120 3389 1228 3466 putat,
1244 3401 1299 3448 ex.

199 3507 248 3572 gr.
264 3489 297 3552 in
311 3489 398 3552 isto:

284 3588 358 3655 Nec
374 3589 482 3672 pietas
495 3587 567 3653 uile
581 3593 644 3665 est,
655 3588 802 3652 relatum
817 3605 912 3671 saepe
927 3587 1033 3652 videri

283 3689 419 3756 Vertier
433 3689 477 3754 ad
492 3687 652 3773 lapidem,
667 3693 728 3756 tro.

147 3845 150 3850 .
198 3813 297 3881 quum
323 3793 459 3876 regnat!
492 3811 595 3875 quum
619 3792 824 3877 triumphat!
851 3791 1009 3858 Proiecto
1030 3813 1072 3858 ne
1103 3792 1156 3858 vel
1184 3793 1301 3858 tantis·

197 3917 261 3983 per
273 3894 408 3981 quidem
429 3895 464 3959 in
478 3893 663 3979 hujusmodi
679 3893 770 3976 apud
784 3913 859 3960 eum
880 3893 1052 3960 molimina
1060 3893 1182 3960 mentis
1196 3897 1301 3960 aciem

199 3999 342 4082 derigere
365 4017 517 4084 possum,
540 3997 621 4080 quin
651 3995 831 4063 identidem
857 3999 1047 4064 exclamare
1077 4005 1207 4064 tuntum
1234 4016 1302 4064 non
1361 4017 1365 4022 ·

200 4101 425 4270 amr-{uod
441 4103 524 4166 inter
538 4098 835 4184 Carthuginienses
859 4100 923 4168 Ille
947 4100 990 4250 ad
1016 4099 1118 4168 fidum
1132 4117 1230 4166 unum
1253 4097 1302 4162 A·
