3038 4864
308 937 368 1028 T.
421 935 868 1031 LUCRETII
919 938 1137 1032 CARI

175 1149 305 1232 Patrae,
318 1173 427 1240 genus,
440 1151 843 1243 citoatudium,ingeaiam,
865 1156 972 1222 mortis
982 1177 1078 1244 genic
1098 1165 1127 1221 et
1142 1163 1271 1242 tempus,

216 1270 366 1337 librorum
382 1271 422 1338 ab
437 1293 471 1338 ec
491 1272 673 1360 scriptorum
691 1296 844 1354 camerac,
866 1275 1026 1340 corrsils'um
1039 1273 1154 1358 Po'e'tc,
1175 1297 1271 1365 orga-

215 1403 350 1460 mentam
362 1403 393 1460 et
407 1394 563 1482 imcripts'b
577 1394 686 1480 operit,
703 1391 750 1458 D.
766 1391 922 1460 Lombinc
935 1404 1069 1461 sudore.

173 1831 274 1925 Cum
301 1849 344 1916 de
368 1851 409 1916 Τ.
425 1851 585 1920 Lucretio
612 1851 702 1921 Caro
724 1853 807 1920 nibil
838 1853 906 1920 iere
928 1853 1037 1922 literis
1072 1855 1270 1924 mandatum

171 1953 218 2018 sit
232 1972 253 2018 a
266 1955 449 2033 veteribus,
463 1961 525 2020 aut
547 1961 639 2021 certe
653 1969 767 2039 pauca
782 1953 975 2036 admodum
988 1975 1097 2042 esque
1126 1959 1272 2040 incestat

171 2061 274 2140 atque
289 2055 429 2136 idcirco,
444 2057 502 2143 qui
514 2057 590 2142 ejus
603 2057 710 2124 vitam
725 2055 933 2123 conscribere
944 2065 1046 2124 antea
1059 2061 1170 2126 conati
1184 2067 1271 2138 sunt,

170 2157 197 2223 ii
225 2158 306 2224 mibi
336 2164 441 2226 artem
466 2159 636 2245 quandam
653 2159 828 2226 divinandi
855 2159 1033 2226 factitasse
1060 2159 1271 2246 riderentur;

174 2279 242 2356 non
256 2267 453 2348 putaveram
467 2261 562 2340 olim,
576 2261 657 2326 mibi
672 2261 856 2346 quicquam
878 2261 914 2326 in
937 2279 980 2327 ea
995 2281 1032 2327 re
1058 2262 1164 2328 studii
1186 2271 1271 2329 tem-

172 2364 309 2449 porisve
322 2363 524 2449 ponendum,
535 2365 702 2448 quaevaui
712 2361 892 2449 enjusdam
904 2363 1028 2429 bartoli
1039 2365 1153 2449 potius
1168 2385 1272 2450 quam

171 2465 342 2551 diligentis
356 2465 575 2550 explicatoris
589 2483 725 2551 opernm
735 2457 949 2532 desideraret.
972 2463 1028 2530 Ne
1040 2485 1126 2534 nnnc
1135 2469 1271 2552 quidem

105 2615 108 2622 .
172 2569 340 2636 calamum
354 2567 398 2634 ad
420 2566 550 2654 aliquid
571 2567 671 2634 eade
685 2585 721 2632 re
736 2565 953 2632 scribendum
974 2567 1010 2632 in
1032 2587 1167 2632 manum
1183 2588 1273 2634 scm·

172 2671 305 2749 casem,
318 2670 385 2736 nisi
399 2671 500 2736 amici
515 2669 645 2755 aliquot
666 2667 743 2745 mei,
763 2685 905 2752 qnorum
929 2668 1112 2734 auctoritas
1129 2669 1271 2738 multum

171 2772 264 2858 apud
277 2792 333 2838 me
345 2773 458 2838 valere
472 2771 585 2849 debet,
603 2771 798 2856 quibusque
819 2769 949 2852 ‹liubus
976 2771 1142 2836 obsistere
1163 2763 1271 2858 neque

171 2874 268 2960 potui
282 2893 392 2959 neque
406 2873 519 2951 debui,
542 2891 596 2937 me
610 2873 653 2936 de
668 2890 746 2936 moa
767 2871 910 2956 pristina
928 2874 1093 2940 sententia
1106 2873 1271 2941 demovis-

173 2982 242 3056 ent,
256 2975 406 3060 mihique
424 2974 686 3060 persuasissent,
712 2980 764 3052 ut,
791 2991 870 3057 quae
893 2967 953 3038 alii
977 2991 1041 3038 suc
1060 2992 1151 3040 more
1165 2995 1269 3061 expo·

171 3077 331 3157 scissent,
355 3097 398 3144 aa
418 3097 481 3160 ego
505 3082 716 3144 retractarem
742 3093 829 3154 meo,
856 3093 933 3142 cum
957 3078 1142 3160 prasertim
1169 3077 1270 3143 iidem

170 3181 290 3260 fonoes,
305 3179 393 3246 uude
406 3179 457 3246 illi
470 3177 662 3258 hauserunt,
685 3177 766 3243 mibi
780 3195 923 3263 quoque,
945 3184 1047 3264 atque
1063 3177 1149 3244 adeo
1162 3181 1269 3244 omui·

170 3284 238 3350 bus
261 3281 449 3348 hominibus
476 3287 638 3366 paterent
682 3279 753 3360 Qui
773 3265 904 3346 udnam
926 3286 1040 3347 essent
1066 3299 1135 3346 non
1158 3281 1268 3346 solum

169 3385 337 3452 uberiores
351 3403 393 3450 ac
406 3383 585 3469 pleniores,
599 3399 712 3448 verum
734 3382 833 3446 etiam
846 3381 1046 3466 liquidiores
1069 3402 1111 3449 ac
1136 3383 1269 3449 sinceri-

170 3505 257 3566 ores,
268 3493 308 3552 ut
323 3487 467 3552 certiora
492 3485 534 3550 do
547 3491 660 3550 nostre
678 3483 771 3564 lito,
797 3491 900 3568 atque
916 3485 1146 3570 exploratiora
1167 3485 1270 3551 exiis

169 3593 282 3675 petere
307 3587 435 3653 liceret
493 3587 562 3654 Sei
590 3585 671 3671 quid
694 3585 800 3671 agasl
836 3584 923 3666 Quae
947 3588 1045 3654 nobis
1070 3593 1268 3672 suppetunt,

171 3691 431 3776 qualiscumque
445 3689 524 3769 sint,
539 3690 583 3757 iis
596 3690 735 3757 libenter
748 3695 784 3754 et
804 3688 956 3774 jucunde
975 3690 1168 3756 mendum:
1191 3707 1269 3774 quea

171 3792 299 3872 (imunt,
314 3793 358 3859 iis
379 3809 481 3877 saque
501 3793 613 3860 animo
632 3791 826 3860 carendum.
871 3793 1096 3859 Dissimulare
1111 3792 1268 3878 equidem

171 3915 240 3960 nen
262 3911 415 3980 possum,
435 3913 491 3959 me
511 3894 576 3960 boc
597 3894 767 3979 negotium
786 3901 923 3977 parate
948 3894 1150 3978 suscepisse,
1174 3893 1267 3978 quod

171 4001 241 4064 tam
262 3997 359 4064 multi
373 3997 437 4062 viri
451 4003 529 4062 ante
550 4017 604 4062 me
617 3996 807 4063 coniectum
830 4013 872 4061 ac
893 4001 1098 4062 transactum
1112 3995 1266 4062 reddide-
1344 4027 1349 4038 ·

171 4102 255 4176 runt,
267 4097 308 4164 P.
322 4097 484 4176 Crinitus,
499 4098 659 4183 Baptista
680 4097 777 4178 Pius,
807 4097 919 4166 bilius
928 4097 1115 4182 Gyraldus,
1141 4097 1265 4181 aliique

171 4201 328 4269 nonnulli.
372 4199 441 4268 Sed
454 4221 530 4268 cum
553 4202 638 4269 banc
660 4219 801 4270 oausam
815 4201 1032 4268 aniciensis
1047 4217 1266 4286 opponerem,
