3038 4864
233 335 277 404 54
441 419 445 425 4
577 351 780 401 sanantur
805 349 985 400 rrnrcnrr

317 497 475 564 -Snnthic
490 497 589 562 otiam
604 495 941 582 suapraemiaiaodi!
1070 491 1077 504 '
1264 569 1268 590 ι

277 601 383 666 Porro
410 599 590 684 inquirenti
613 601 694 666 mihi
716 601 750 664 in
773 617 896 681 'causas
919 604 969 664 tot
987 603 1221 683 teutonumque
1236 619 1328 684 saepe

233 704 457 771 mutationum
482 709 654 770 conmxtus
673 696 876 781 Lucretidni,
899 701 1004 781 varia,
1028 719 1094 766 non
1118 703 1167 768 ita
1189 703 1327 784 passim,

234 814 274 872 nt
296 807 424 891 opinor,
449 807 692 886 animadversa,
714 806 885 872 obversari
908 804 978 871 iare
1001 804 1117 870 soient.
1161 804 1215 869 lta
1237 805 1326 870 enim

233 915 360 988 statuo,
375 916 412 973 nt
423 929 534 974 meam
544 907 606 974 tibi
620 914 761 973 mentem
776 909 935 992 aperiam,
946 927 1013 974 non
1028 907 1150 972 iisdem
1163 906 1327 972 decausis

234 1009 324 1093 apud
340 1029 455 1076 omnes
473 1018 627 1077 auctores
647 1017 779 1074 veteres
802 1011 966 1074 variatum
988 1009 1218 1088 turbatnmv03
1241 1008 1328 1072 alias
1434 1091 1438 1098 ⁸

233 1112 326 1196 apud
340 1113 428 1177 alios
441 1115 517 1178 istis
535 1111 793 1191 mutationibus3
816 1131 898 1177 snas
918 1112 1044 1194 itaque,
1059 1129 1184 1194 easque
1199 1109 1327 1193 peculi·

232 1231 319 1290 ares,
342 1213 433 1296 apud
455 1220 611 1292 nostrum,
636 1213 840 1278 variantibus
866 1214 1067 1279 lectionibus
1080 1215 1232 1278 subesse.
1275 1212 1327 1278 Eo

232 1315 358 1400 itaque,
383 1337 460 1401 qnae
480 1337 522 1382 ec
545 1318 732 1401 spectantia
755 1335 829 1381 cum
853 1318 999 1380 maxime
1020 1335 1091 1401 praa
1112 1321 1325 1392 munerant,

233 1417 350 1482 ‘Dum
372 1419 469 1484 iocus
490 1425 540 1482 est
559 1427 697 1503 praesto,
717 1437 778 1482 nec
801 1437 854 1482 res
873 1437 934 1482 neo
950 1437 1055 1483 causa
1069 1428 1215 1484 moratur
1226 1417 1326 1492 Uila‚'

231 1517 393 1586 in'certas
408 1519 572 1604 quasdam
586 1522 714 1587 classes
727 1521 788 1585 tibi
802 1520 955 1586 redacta:

274 1623 303 1688 1.
327 1623 421 1689 Idem
432 1625 629 1705 versiculus,
645 1644 721 1689 cnm
731 1623 853 1689 iisdem
867 1643 959 1709 saepe
974 1625 1248 1702 servatisverbis,
1270 1643 1326 1690 eo·

232 1725 376 1809 demque
386 1745 500 1806 sensu,
514 1729 606 1793 varie
617 1734 724 1793 tannen
736 1729 854 1812 refingi
867 1733 995 1811 posset,
1009 1727 1158 1806 inlibris,
1173 1733 1211 1792 nt
1222 1728 1325 1810 pluri·

229 1847 319 1892 ιιιιιιιι
334 1829 435 1894 etiam
446 1829 683 1897 dissensionem
696 1833 831 1916 peperit.
869 1830 930 1898 *lta
942 1831 1080 1908 iactum,
1090 1848 1146 1894 ex.
1161 1849 1207 1912 gr.
1222 1838 1269 1908 ut,
1287 1845 1325 1896 ιι.

229 1928 327 1994 1138.
350 1934 361 1965 ‘
377 1929 548 2010 Quantum
562 1956 645 2020 opus
669 1942 732 2013 est,
747 1943 783 2000 et
797 1933 887 2018 quod
902 1934 988 2000 satis
1002 1931 1075 2012 est,’
1089 1933 1123 1999 iu
1138 1933 1216 1998 aliis
1239 1933 1325 2016 lege-

230 2037 339 2096 retur:
362 2032 484 2113 ‘Quod
500 2037 582 2102 satis
598 2044 662 2116 est,
670 2042 705 2101 et
718 2043 875 2120 qnantum
885 2055 972 2120 opus
981 2034 1054 2102 est!
1078 2035 1174 2113 Item,
1187 2051 1234 2099 vr.
1250 2035 1325 2102 972.

230 2131 302 2198 ‘At
323 2135 405 2201 nihil
418 2144 470 2202 est
490 2138 614 2204 homini
633 2140 749 2205 frande
772 2140 836 2204 hac
859 2139 951 2223 quod
972 2139 1119 2204 amarius
1140 2138 1269 2219 exstet,'
1291 2140 1326 2203 in

231 2235 325 2302 aliis:
348 2237 419 2303 ‘At
433 2239 515 2304 nihil
530 2249 584 2306 est
594 2242 722 2306 homini
734 2244 825 2326 quod
838 2244 983 2308 amarius
993 2243 1111 2308 fronde
1125 2242 1188 2309 hac
1197 2241 1325 2309 exstet'

273 2336 322 2404 11.
345 2337 435 2406 liiira
448 2343 648 2427 quaudoque
668 2344 767 2428 apud.
781 2344 972 2410 Lucretium
996 2345 1324 2424 aucmentandum,

229 2447 288 2508 aut
303 2445 534 2527 Ισοδυναμιυσῶν,
555 2449 710 2531 repetitio
726 2455 919 2531 suspectum
944 2444 1088 2512 reddidit
1108 2451 1324 2527 contextum
1409 2531 1412 2536 Ι

226 2550 263 2609 et
282 2545 360 2616 dum
376 2550 509 2633 copiam
524 2558 693 2616 ostentare
706 2549 790 2640 uult,
813 2548 1038 2631 indulgentior
1052 2549 1087 2612 in
1103 2549 1197 2614 hisce
1219 2548 1325 2616 Poeta

226 2647 301 2731 snit,
321 2649 422 2737 quam
441 2653 541 2737 rigidi
563 2653 698 2738 qnidam
715 2671 871 2719 censores
894 2651 960 2716 sibi
982 2651 1194 2738 persuaderev
1207 2660 1323 2735 potne-

227 2753 302 2819 rint.
348 2755 485 2833 Fateor,
498 2755 616 2821 eudem
629 2773 683 2820 res
695 2761 730 2820 et
752 2754 834 2818 mihi
850 2753 1075 2839 suspicionem
1090 2756 1207 2832 movit,
1221 2774 1324 2839 qnam

227 2850 272 2918 ad
289 2871 314 2918 1.
328 2855 406 2932 724,
429 2855 556 2939 aperui,
584 2856 680 2942 cujus
705 2876 758 2921 me
783 2857 930 2923 noudum
953 2864 1067 2922 tamen
1087 2858 1242 2940 poenitet.
1277 2856 1326 2922 nt

227 2955 319 3033 vide,
342 2977 470 3041 qnoero,
486 2974 510 3021 ι.
533 2957 611 3024 815.
638 2975 693 3024 ιιι.
708 2960 783 3024 631.
800 2965 834 3024 et
847 2979 940 3043 seqq.
963 2977 1015 3023 vr.
1036 2960 1110 3024 756.
1136 2967 1170 3024 et
1191 2959 1267 3026 789.
1290 2965 1326 3025 et
1360 2998 1363 3010 ·

225 3075 290 3121 non
313 3058 381 3122 alia
406 3059 449 3124 de
471 3079 578 3125 causa
600 3061 772 3126 turbatum
793 3061 867 3125 istis
886 3062 981 3140 locis,
1001 3081 1143 3140 mecum,
1171 3069 1325 3148 utputo,

223 3177 453 3242 recognosces.

269 3261 337 3327 111.
361 3261 509 3330 Multae
524 3264 660 3350 scriptis
671 3261 779 3330 Codd.
794 3265 876 3330 vitia
896 3266 1171 3350 scripturariaita
1185 3269 1325 3350 variant,

224 3369 262 3430 nt
274 3371 442 3450 receptam
462 3367 637 3433 lectionem
653 3367 847 3434 confiment
864 3368 987 3454 potius,
1002 3389 1103 3454 qnam
1118 3369 1221 3436 uliam
1236 3371 1271 3437 in
1284 3391 1324 3438 ea

223 3467 336 3534 mendi
372 3470 596 3554 suspicionem
626 3472 822 3557 relinquant
867 3473 924 3537 Sic
942 3488 982 3536 ιι.
1006 3473 1103 3538 1184.
1134 3477 1239 3540 ‘retas
1266 3473 1320 3554 ot,'

222 3589 337 3636 veram
352 3571 547 3650 lectionem,
572 3577 655 3638 ‘eta
668 3593 706 3639 se
723 3571 742 3638 :'
764 3573 881 3639 ιιι.29.
905 3575 1108 3658 ‘signatura
1123 3581 1183 3642 tua
1194 3576 1250 3655 vi:
1271 3599 1320 3642 re-

122 3739 128 3759 x
222 3678 370 3758 coptam,
392 3673 463 3738 ‘sic
477 3681 596 3742 natura
612 3683 670 3742 tna
687 3675 753 3757 vi;'
775 3676 911 3742 ιι.938.
935 3675 1051 3757 ‘dixi,'
1075 3678 1238 3761 glossema
1255 3689 1320 3760 est,

222 3773 340 3840 ‘dare'
354 3774 497 3859 vestigia
510 3786 621 3844 servat
636 3799 723 3846 verm
737 3779 833 3846 vocis
854 3779 993 3846 ‘claret’
1031 3781 1123 3847 Hinc
1139 3780 1322 3848 Is.Vossio

221 3885 261 3942 ut
287 3877 428 3956 videtur,
461 3885 545 3944 nata
567 3881 775 3966 conjectura,
817 3898 867 3947 vr.
890 3881 965 3947 887.
1009 3883 1115 3948 ‘Non
1142 3884 1192 3949 ita
1216 3885 1323 3951 multa

220 3979 351 4060 tamen,’
371 3998 443 4064 pro,
464 3980 565 4046 ‘Non
579 3991 646 4048 tam
659 3983 885 4051 vivatameu.’

266 4080 328 4147 1v.
351 4082 448 4161 Sunt,
467 4082 588 4164 fateor,
611 4089 702 4171 apud
729 4081 920 4153 Lucretium
937 4086 1023 4166 loca,
1046 4107 1123 4170 quae
1137 4087 1240 4154 nimia
1254 4091 1320 4155 icc·

221 4185 348 4251 tionum
365 4184 510 4252 varietas
523 4201 672 4272 prorsus,
687 4193 745 4254 aut
761 4189 829 4258 fere
843 4207 989 4274 prorsus,
1005 4189 1125 4270 obruit,
1140 4209 1182 4258 ao
1193 4197 1321 4258 tantum
