3038 4864
531 409 581 459 nn
605 407 693 460 rrrn
720 407 911 462 nucunrn.
988 397 991 405 ’
1222 395 1272 466 8

171 552 347 622 Gornelins
368 551 490 640 Nepos
513 555 549 620 in
574 555 646 622 vita
667 550 709 620 Τ.
729 553 910 642 Pomponii
926 555 1047 638 Attici,
1066 556 1123 626 bis
1134 559 1268 629 verbis:

171 657 291 724 ‘Idem
315 653 485 744 (Atticus)
500 657 539 722 L.
553 655 682 724 sunum
708 655 889 736 Calidium,
905 679 1017 745 quem,
1031 667 1110 748 post
1124 661 1271 730 Lucretii

171 759 367 846 Catullique
381 765 530 838 mortem
546 761 649 826 multo
665 761 950 845 elegantissimum
971 763 1108 848 poetam
1121 771 1271 831 nostrmn

171 863 291 931 tulisse
306 867 442 930 etatem
456 881 535 929 rere
560 863 675 930 videor
694 881 797 950 posse
817 865 1024 947 contendere,
1037 884 1148 951 neque
1161 869 1271 934 minus

170 965 428 1045 rimmbcnum,
440 965 646 1052 optimisque
671 967 801 1032 artibus
820 967 998 1048 eruditum,
1012 975 1090 1056 post
1102 971 1272 1054 proscrip-

171 1069 296 1136 tionem
311 1069 473 1155 equitum,
486 1075 628 1153 propter
640 1087 778 1152 mugnus
794 1069 868 1154 ejus
880 1068 1058 1136 Abicauas
1081 1071 1272 1156 possessio-

171 1191 242 1250 nes,
265 1173 301 1238 in
325 1171 596 1257 proscriptorum
620 1189 790 1236 numerum
804 1191 825 1237 a
839 1169 880 1236 P.
895 1171 1091 1254 Volumnio,
1109 1173 1271 1260 praelecto

169 1275 302 1341 labrum
315 1273 465 1354 Antonii,
479 1273 650 1339 absentem
665 1273 818 1354 relatum,
832 1275 1031 1360 expedivit!

214 1375 301 1442 (ium
311 1375 365 1441 bis
376 1381 564 1459 congruunt
577 1383 610 1440 et
620 1373 670 1440 M.
683 1371 787 1442 Tullii
802 1378 906 1442 verbu
919 1375 953 1443 iu
967 1377 1114 1462 epistola
1125 1379 1271 1464 quedem

173 1477 217 1545 ud
233 1478 277 1559 Q.
294 1477 453 1558 Fratrem,
470 1477 529 1543 lib.
547 1493 588 1544 ιι.
603 1477 728 1562 quibus
746 1475 866 1556 Quinti
886 1479 929 1545 de
945 1479 1093 1546 Lucretii
1117 1480 1272 1565 poimute

168 1581 335 1668 judicium
350 1581 565 1665 comprobat:
599 1601 678 1665 qum
701 1581 804 1647 rerba
817 1599 899 1646 mox
915 1601 977 1648 suo
992 1583 1068 1648 luco
1082 1581 1271 1648 reseremus.

174 1684 277 1765 Quod
303 1685 347 1750 ad
371 1685 517 1750 studium
542 1686 668 1764 attinet,
692 1683 851 1750 credibile
877 1691 938 1765 est,
958 1683 1097 1770 poetam
1110 1693 1271 1765 nostrum,

172 1809 251 1854 cnm
273 1789 317 1855 ud
336 1786 502 1874 poeticam
517 1797 551 1854 et
564 1787 814 1874 philosophiam
833 1797 934 1854 natus
949 1795 1050 1866 esset,
1076 1789 1272 1874 ingenioque

172 1909 235 1958 suo
259 1889 450 1974 indulgens,
474 1898 510 1956 et
531 1898 686 1955 naturam
708 1909 805 1956 suam
827 1889 948 1956 ducem
963 1899 1110 1971 secutus,
1124 1892 1273 1977 pbiloso-

172 1993 287 2082 phlam
319 1993 520 2080 Epicureum
553 1993 793 2078 approbasset,
830 2003 872 2059 ut
898 1993 1057 2060 solutiore
1086 1995 1210 2074 auimo,
1240 1999 1273 2060 et

173 2097 382 2165 commodius
402 2095 635 2182 philosophari
658 2103 789 2181 posset,
812 2115 886 2162 sese
910 2094 1065 2161 Athenas
1079 2097 1271 2178 contulisse,

173 2199 290 2286 ibique
316 2199 488 2267 Zenonem
516 2199 625 2279 illurn,
647 2197 889 2284 Epicureorum
905 2199 1131 2286 corypbseum,
1146 2205 1273 2266 uteum

173 2301 227 2369 Μ.
249 2303 384 2370 Tullius
398 2303 457 2370 lib.
483 2319 507 2368 r.
531 2303 573 2368 de
595 2311 716 2368 nature
738 2301 889 2369 Deomm
912 2303 1075 2388 appellat,
1089 2303 1272 2381 audivisse,

171 2509 274 2586 risse,
288 2527 330 2573 uc
344 2507 576 2592 perdidicisse.
621 2505 709 2572 Cum
723 2514 811 2573 esset
824 2508 927 2590 igitur
942 2507 1118 2574 Lucretius
1133 2507 1176 2572 ad
1191 2505 1274 2591 po‘d-

172 2611 277 2676 ticem
296 2609 406 2677 sactus
429 2618 563 2688 natura,
586 2609 778 2694 ingeniique
799 2611 953 2674 acumine
976 2609 1172 2690 excelleret;
1195 2627 1271 2674 cuu-

171 2715 283 2780 tembs
294 2713 519 2798 popularibus
527 2713 721 2791 bonoribus,
732 2714 789 2798 qui
799 2729 867 2778 non
876 2711 984 2777 solum
996 2711 1144 2797 equestri
1153 2710 1274 2791 ordini,

174 2817 417 2882 verumetiam
441 2815 579 2900 plebeio
605 2815 788 2900 patebaut3
809 2813 915 2901 (certe
939 2814 1122 2900 majoribus
1139 2813 1215 2899 ejus
1239 2821 1276 2879 et

171 2917 369 3004 propinquis
381 2922 592 3001 putueraut;)
606 2916 780 3000 sirequod
794 2935 816 2982 a
829 2915 987 3003 populari
1001 2917 1139 2983 levitate
1155 2916 1275 2982 abbor-

172 3023 263 3086 reret
280 3025 416 3106 ‚naturus
440 3019 514 3085 sire'
535 3019 626 3105 quud
649 3020 752 3086 vitum
775 3039 871 3086 snam
895 3020 927 3085 ei
950 3019 1151 3104 disciplinae,
1173 3039 1276 3103 qnam

173 3123 375 3208 sequeretur,
399 3141 567 3207 quamque
589 3121 773 3207 amplexus
800 3128 901 3201 esset,
929 3129 1182 3188 consentaneum
1198 3141 1275 3186 esse

173 3225 295 3306 rcllet3
325 3223 530 3312 (sapientem
561 3225 650 3290 enim
679 3223 723 3290 ud
758 3243 861 3309 remp.
887 3241 1103 3290 accessurum
1132 3225 1277 3308 negabat

172 3327 340 3412 Epicums
349 3331 373 3409 ς)
384 3327 602 3395 constituitsc
612 3327 700 3393 intre
712 3327 882 3394 inmunem
896 3345 992 3392 snam
1007 3325 1188 3404 continere,
1201 3343 1276 3410 per-

173 3437 344 3516 petuoque
357 3439 542 3516 equestrem
557 3431 752 3514 dignitatem
766 3431 920 3510 retinere,
935 3447 1042 3514 neque
1053 3429 1184 3512 longius
1198 3447 1276 3514 pru·

174 3533 279 3617 gredi,
316 3533 422 3619 idque
451 3533 628 3599 multorum
655 3534 823 3599 bonorum
862 3539 897 3598 et
931 3533 1097 3597 clarorum
1130 3532 1276 3596 virorum

175 3633 342 3720 exemplo.
386 3634 553 3715 Quamuis
576 3643 691 3701 nutem
712 3640 826 3718 essent
848 3633 885 3698 bi
909 3653 1048 3698 numero
1073 3633 1276 3717 cumplures,

177 3759 263 3806 unus
290 3737 501 3822 Pomponius
526 3743 635 3803 tumen
658 3738 835 3802 multorum
862 3737 968 3802 instar
983 3737 1016 3801 ei
1029 3753 1105 3800 esse
1129 3741 1276 3820 poterat:

177 3841 249 3927 qui,
269 3861 346 3907 cum
366 3842 399 3906 ei
423 3839 568 3906 bonores
589 3839 863 3924 amplissimosin
878 3855 942 3905 suu
957 3839 1093 3906 civitate
1116 3837 1276 3922 consequi

174 3943 300 4021 liceret,
322 3943 369 4008 ita
391 3943 555 4027 privatus,
575 3942 738 4029 quamdiu
761 3942 884 4009 mansit
897 3942 932 4006 in
945 3943 1026 4020 rita,
1045 3939 1134 4006 vixit
1155 3945 1276 4020 tamen,

176 4053 215 4110 nt
234 4047 315 4111 viris
337 4046 439 4112 totius
461 4045 607 4112 civitatis
634 4043 800 4111 Romanus
815 4043 1042 4130 amplissimis,
1057 4049 1090 4108 et
1103 4041 1278 4107 ornatissi-

177 4147 255 4228 mis,
271 4156 306 4215 et
318 4149 541 4215 nobilissimis
558 4149 754 4216 carissimus
767 4149 878 4214 inerit.

114 4305 116 4310 .
224 4248 378 4329 Quantus
402 4259 516 4318 autem
541 4251 645 4338 pnite
658 4255 705 4318 sit
719 4251 909 4331 Lucretius,
925 4268 1025 4334 quum
1041 4253 1144 4316 acuto
1158 4249 1193 4312 et
1208 4243 1277 4310 acri

244 4351 335 4417 Πομ.
347 4357 372 4404 ct
383 4352 441 4404 var.
454 4355 521 4404 Cius.
690 4351 786 4403 lucret.
1190 4345 1212 4396 C
