3038 4864
225 277 269 344 dd
570 291 771 342 sensnum
796 287 976 338 snntcunt

313 437 465 521 Denique
479 453 544 502 uon
558 452 639 500 auro
652 453 704 498 res
718 453 834 498 eornm
847 435 985 518 copulat
997 435 1085 498 nnat

315 538 453 623 AEriqne
464 557 512 604 ere
523 537 660 623 plumbo
671 536 766 601 fituti
773 535 933 621 jungatur
947 537 991 600 ab
1005 536 1106 602 albot

227 641 342 724 efnge
351 641 504 706 retraxit!

271 742 318 809 V.
342 743 454 810 Litera
465 765 487 806 e
500 745 535 810 in
546 743 704 808 Lucretio
720 741 881 806 seditiosa
890 740 973 819 tere,
984 740 1049 804 nisi
1063 739 1206 804 invisum
1220 737 1323 802 male·

230 863 295 929 que
307 844 456 911 habitem
470 845 585 929 potius
599 841 708 908 dicere
720 843 885 909 convenit
924 842 1015 907 Hinc
1035 839 1144 907 ‘fixa'
1163 841 1198 904 in
1211 835 1323 902 ‘ficta'

231 947 453 1032 degeneravit,
468 947 835 1030 nucleorumque
849 945 1197 1038 Veteribnrositutnm
1218 942 1325 1006 misse

231 1053 265 1120 in
281 1051 398 1118 Indice
415 1056 509 1116 notet
528 1049 697 1128 Gitanins,
717 1051 890 1134 utriusque
904 1049 1074 1128 editionis,
1094 1049 1130 1113 in
1146 1043 1325 1131 posteriori

232 1155 335 1220 etiam
359 1152 470 1219 ‘ficte'
502 1155 535 1218 in
558 1159 685 1219 textum
709 1155 882 1236 receperit,
915 1159 951 1217 et
969 1155 1006 1218 in
1026 1152 1175 1234 margine
1194 1146 1325 1210 notarit.

232 1255 332 1323 Adde
355 1256 586 1336 ‘connexion'
617 1277 679 1341 pro
699 1276 766 1340 qno
789 1255 889 1333 idem,
916 1271 973 1319 ιιι.
996 1257 1072 1322 555.
1095 1244 1327 1318 ‘connection’

233 1358 306 1442 Ego
322 1357 431 1426 ‘ficta’
446 1365 481 1424 et
494 1365 503 1396 ‘
514 1357 696 1436 comaco:
707 1378 768 1442 pro
784 1355 932 1424 ‘fixa'et
945 1355 1135 1435 ‘connexe,'
1145 1363 1180 1419 et
1190 1351 1325 1425 similis,

231 1480 297 1528 non
319 1459 454 1527 aliunde
470 1469 546 1527 orta
558 1467 687 1546 putem,
701 1481 802 1547 qnam
817 1462 907 1546 qnod
930 1458 1056 1540 ‘noan’
1071 1466 1105 1526 et
1117 1463 1128 1498 ‘
1138 1451 1329 1530 conneesn‚'

231 1565 291 1630 bc.
306 1562 599 1646 inexemplnribus
612 1564 790 1648 repererint
797 1562 951 1630 Librarii.
995 1563 1101 1628 Sicuti
1127 1567 1161 1624 et
1180 1551 1327 1632 ‘noxiu,'

232 1666 339 1748 primo
350 1665 386 1732 in
400 1665 557 1744 ‘nocsia,’
571 1665 689 1732 deinde
703 1668 738 1731 in
759 1665 915 1744 ‘nocue’
929 1685 1009 1731 mox
1024 1666 1060 1730 in
1081 1658 1272 1728 ‘noctibus'
1294 1662 1328 1722 et

235 1765 358 1832 ‘noeti'
366 1767 542 1834 bansiisse
550 1769 659 1848 credo,
667 1777 840 1854 postremo
850 1769 1007 1846 omnium,
1018 1765 1230 1849 glossematis
1243 1759 1326 1840 sois,

236 1869 352 1950 qualia
364 1870 542 1948 manifesto
566 1879 647 1936 sunt
668 1871 817 1950 ‘tristie,'
840 1879 875 1936 et
896 1870 1038 1948 ‘sortia'
1053 1870 1086 1934 in
1097 1865 1327 1943 Variantibus,

233 1971 348 2038 locum
360 1971 477 2038 cedere
492 1979 647 2040 coactum
660 1974 780 2040 luisse.
824 1973 868 2039 Et
882 1971 977 2052 unde,
999 1983 1128 2062 qnueso,
1150 1969 1274 2056 (neque
1286 1969 1329 2034 ed

235 2073 310 2140 lreec
325 2075 470 2159 amplius
492 2077 573 2159 qnid
587 2074 725 2161 addam)
744 2075 845 2142 illud:
868 2077 949 2141 ‘vix
967 2095 1005 2141 se
1022 2076 1114 2140 editu
1136 2073 1245 2152 tussi,'
1265 2071 1330 2138 nisi

236 2195 258 2241 a
281 2176 376 2242 ‘virs
400 2175 512 2256 edire:
533 2178 623 2262 qnod
644 2182 688 2264 τῷ
711 2179 804 2244 ‘vics
822 2176 924 2244 edita'
946 2179 1103 2261 originem
1119 2196 1215 2243 suam
1233 2176 1332 2242 debe-

238 2279 308 2356 but,
331 2297 408 2346 cum
430 2281 510 2346 ‘vix
528 2283 622 2348 edite
643 2282 765 2363 teob:
786 2282 956 2367 inculpata
971 2301 1012 2348 ac
1028 2301 1106 2348 vera
1120 2285 1214 2346 esset
1226 2279 1331 2362 scrip-

238 2386 383 2458 tora,vt.
394 2381 489 2448 1187.
1094 2444 1106 2472 ‚
1428 2455 1436 2462 ,

281 2479 344 2548 VI.
366 2483 505 2570 Syllaba
527 2485 601 2551 ‘re'
631 2488 665 2552 in
689 2488 944 2573 compositione,
965 2487 1095 2572 quoties
1117 2482 1333 2571 producenda

237 2585 335 2663 venit,
350 2585 530 2672 irrequieta
544 2588 626 2668 lere,
648 2597 685 2656 et
698 2591 813 2656 nescio
827 2609 912 2675 quas
924 2590 1158 2673 subsequentis
1169 2587 1333 2672 cujusque

237 2687 343 2753 literae
359 2691 603 2771 geminationes
628 2692 800 2776 postulare
829 2691 952 2758 idonea
977 2691 1042 2756 sibi
1056 2691 1208 2770 ridetur;
1229 2707 1334 2772 quum

239 2789 291 2853 rel
314 2791 445 2856 unicum
472 2795 613 2858 terbum
635 2794 800 2875 ‘referre’
821 2795 924 2862 toties
942 2796 1104 2880 producta
1118 2795 1220 2878 priori
1242 2791 1335 2877 apud

240 2888 446 2970 Lucretium,
461 2912 596 2962 monere
611 2899 770 2980 potuerit,
786 2919 848 2964 nec
864 2900 901 2963 in
916 2898 1034 2964 ceteris
1048 2896 1226 2963 curandam
1243 2895 1335 2962 illem

239 2993 521 3080 πολυκραγμισῦνηι.
567 2997 655 3062 Nam
671 3005 704 3066 et
725 2998 929 3078 ‘reccidere'
943 3006 953 3036 ‘
965 2997 1137 3078 redducit:
1152 2998 1336 3082 ‘relligio’

241 3094 676 3184 ‘remmote,'‘ropperit,’et
684 3100 818 3179 similia,
827 3102 860 3166 in
871 3101 1094 3176 Editiooibns,
1103 3121 1171 3166 non
1183 3100 1337 3166 aLu'or'e·

241 3197 301 3278 tio,
310 3197 372 3266 sed
381 3199 426 3266 ab
434 3200 619 3282 incondito,
629 3204 757 3288 sibique
769 3223 984 3290 nequaquem
995 3211 1169 3270 constante
1184 3211 1271 3268 metu
1281 3201 1339 3267 li·

241 3300 424 3368 bruriorum
442 3306 594 3389 protecta
614 3307 809 3390 putaverim.
855 3307 917 3372 Est
938 3309 997 3372 ubi
1021 3308 1157 3372 verbnm
1179 3308 1340 3391 ‘propel-

241 3401 333 3482 lere’
355 3405 399 3470 ob
413 3415 600 3492 correptam
623 3407 774 3492 primum,
798 3429 817 3474 e
838 3415 996 3476 contextu
1014 3407 1143 3491 iugarat
1159 3409 1338 3476 solicitudo

242 3505 376 3574 similis.
422 3507 512 3574 Nam
536 3518 572 3574 et
594 3511 674 3576 alibi
708 3512 833 3594 soepius
862 3513 926 3578 boe
955 3511 1084 3578 lacinus
1111 3531 1211 3577 ausus
1229 3513 1340 3580 ‘tuerat
1372 3573 1374 3578 ,

244 3608 364 3676 Gerus.

285 3711 370 3779 Vll.
393 3711 544 3780 Ablntivi
559 3715 666 3782 tertie
682 3716 914 3782 declinationis
928 3717 963 3780 in
979 3716 1002 3794 i,
1017 3716 1135 3783 Pois'tae
1151 3717 1246 3783 dicto
1263 3717 1340 3782 obe·

243 3813 384 3893 dientes,
398 3817 532 3900 quoties
546 3835 658 3902 neque
672 3838 816 3895 casura,
832 3838 932 3903 quem
944 3823 1077 3896 vocant,
1096 3837 1207 3902 noque
1221 3837 1341 3885 conso·

243 3918 391 3986 nuntium
415 3918 565 4001 duantm,
588 3921 791 4007 pluriumve,
810 3921 846 3986 in
870 3923 1104 4005 subsequentis
1118 3923 1214 3986 vocis
1228 3921 1339 3998 initio,

245 4021 296 4090 vis
322 4040 442 4106 magna
466 4024 551 4090 satis
565 4025 715 4092 ultimum
727 4033 847 4090 natura
863 4023 995 4088 brevem
1010 4024 1046 4087 in
1059 4044 1076 4085 e
1089 4025 1250 4088 susdnere
1261 4041 1343 4106 poe·

244 4133 305 4202 sot,
328 4124 504 4191 immodice
528 4129 652 4211 passim
676 4137 711 4193 et
729 4129 823 4207 alibi,
846 4133 881 4191 et
901 4125 1043 4211 injussu,
1063 4134 1103 4192 ut
1124 4145 1187 4208 ego
1209 4125 1343 4210 quidem
