3038 4864
188 1194 191 1202 ,
301 1076 735 1186 WAKEFIELDI
776 1093 1151 1190 PRAEFATIO.
1273 1105 1276 1112 ’

572 1393 879 1410 mu·

185 1667 390 1784 Qnrron,
415 1687 500 1753 scite
510 1687 635 1753 Lector
652 1693 687 1753 et
705 1689 848 1757 erudite!
871 1689 1279 1757 ΙιιιοιιιιίιιιιοιιιιιιοιιιιιίἸ

183 1775 272 1870 num,
287 1791 374 1856 curis
388 1791 471 1854 meis
485 1789 721 1874 expolitorum,
738 1799 852 1876 atque,
863 1792 967 1876 justae
984 1795 1181 1870 recensionis
1196 1813 1274 1883 ope

184 1893 228 1958 ed
242 1895 417 1980 pristinum
431 1893 560 1957 cultum
581 1895 803 1978 nitoremque,
818 1895 853 1958 in
875 1904 1035 1980 quantum
1054 1916 1114 1981 per
1129 1896 1292 1979 scriptos

184 1995 321 2060 codices
345 2001 445 2078 atque
467 1981 730 2060 mediocritatem
754 1993 948 2079 sagacitatis
963 2017 1046 2064 meae
1064 2003 1097 2063 et
1117 1997 1275 2062 doctrinae

184 2097 324 2177 licuerit,
339 2097 596 2175 reformatorum,
611 2097 735 2162 dudum
751 2099 972 2182 promissione
987 2106 1190 2185 susceptum,
1203 2103 1276 2162 tan·

185 2197 261 2263 dem
277 2200 347 2278 tihi,
364 2199 425 2264 sed
439 2201 548 2265 serius
562 2197 775 2282 aliquantulo
784 2219 884 2284 quem
895 2201 1026 2280 veliem,
1038 2221 1100 2286 spe
1114 2199 1277 2286 trepidus,

186 2307 232 2379 et,
248 2301 279 2365 si
292 2303 369 2385 quie
381 2320 539 2387 uuquam,
555 2298 704 2364 diffidens
717 2302 795 2378 mei,
809 2303 1022 2385 repraesento.
1054 2303 1112 2367 Sic
1125 2299 1277 2386 proiecto
1383 2369 1386 2380 ,

186 2423 292 2470 seres
314 2407 435 2471 habet:
466 2423 542 2470 cnm
558 2406 703 2470 animum
718 2404 762 2468 ad
775 2405 838 2468 hee
857 2405 1122 2489 pretiosissimas
1136 2403 1276 2469 Latina·

185 2525 259 2571 rum
282 2507 450 2571 literarum
475 2505 633 2589 reliquias
659 2505 869 2570 exornandas
895 2508 1048 2592 primitus
1070 2505 1278 2590 adjecissem,
1304 2571 1310 2585 ,
1396 2560 1400 2582 ,

182 2607 341 2693 jucundos
356 2610 470 2691 magis
490 2605 721 2686 relaxationis,
736 2627 836 2691 quem
862 2608 1043 2691 negotiosae
1062 2608 1182 2672 virium
1199 2623 1279 2670 cou-

187 2711 355 2788 tentionis,
378 2711 459 2774 mulii
477 2725 597 2774 munus
613 2709 794 2793 spondens,
809 2711 952 2774 nonnisi
967 2709 1008 2774 de
1022 2709 1172 2774 breviore
1187 2725 1278 2772 com·
1356 2709 1358 2724 “

186 2801 349 2877 mentatio
363 2813 570 2895 cogitsbum:
592 2819 714 2896 postea
728 2816 850 2892 tamen,
864 2811 975 2896 operis
989 2811 1101 2902 limine
1110 2809 1171 2875 rix
1184 2809 1280 2887 iuteo,

187 2913 277 2978 huno
290 2921 326 2978 et
338 2915 577 2997 amplissimum
591 2913 836 2998 philosophum,
846 2921 880 2978 et
889 2913 1121 2995 gravissimum
1132 2909 1281 2996 politum,

188 3024 285 3082 teuta
296 3015 593 3080 commentitiorum
606 3014 786 3080 lectionum
795 3015 951 3081 foeditate
961 3015 1215 3081 devenustatum
1225 3012 1285 3076 de-⁸

189 3117 359 3202 prehendi,
384 3135 425 3182 ea
456 3117 632 3183 adulterini
663 3119 871 3184 scabitudine
905 3117 1068 3183 sermonis
1097 3115 1209 3182 multis
1239 3103 1282 3177 de

189 3219 303 3284 censis
319 3219 543 3299 incrustatum,
565 3225 604 3284 ut
618 3222 841 3297 occasionem,
855 3219 944 3284 haud
964 3219 1136 3284 instrenuo
1160 3217 1283 3281 obeun-

189 3317 278 3401 dum,
293 3317 351 3384 sed
376 3319 472 3403 plane
495 3320 726 3402 dignissimum
740 3321 819 3385 mihi
834 3318 975 3385 videbar
987 3325 1119 3398 unctus,
1134 3319 1168 3384 in
1183 3335 1284 3402 quem

191 3419 368 3488 facultates
380 3439 496 3486 omnes
510 3421 786 3506 qualescumque,
794 3427 862 3486 tum
874 3422 1069 3488 eruditionis
1078 3413 1286 3502 tum'ingenii

192 3523 269 3602 mel,
282 3521 531 3590 'studiosissime
549 3523 769 3606 collocarem
792 3525 901 3590 nullos
923 3526 1054 3591 labores
1069 3521 1288 3606 defugiendoe

192 3643 280 3703 esse,
300 3626 423 3690 nullam
445 3645 514 3695 nou
538 3625 679 3692 libenter
701 3623 903 3692 efferendum
926 3644 1002 3691 esse
1026 3622 1286 3700 solicitudinem,

190 3742 322 3792 mecum
350 3733 511 3808 statuens,
532 3729 562 3793 si
586 3729 688 3793 modo
701 3727 920 3793 ructuando
934 3728 1055 3812 aliquis
1067 3726 1169 3790 bouis
1181 3723 1287 3789 literis

191 3825 284 3892 sorte.
294 3829 428 3894 iortuuo
441 3831 614 3916 provenire
634 3836 759 3914 posset
802 3828 953 3895 Tandem
968 3847 1057 3909 vero,
1073 3825 1287 3910 re'gradati'nl

194 3931 401 4014 procedente,
430 3951 471 3997 ac
493 3933 630 3998 motoria
655 3951 692 3997 se
715 3933 831 4011 letius,
852 3931 960 4011 ul'iit,
982 3932 1154 3996 iu‘omues
1175 3936 1287 4014 portes

172 4081 176 4092 .
194 4032 373 4116 aperiente,
395 4052 470 4099 cum
494 4039 557 4100 tot·
569 4033 740 4118 tantisque
759 4032 1005 4098 difficultatibus
1019 4031 1099 4098 mihi
1115 4049 1190 4095 esse
1208 4047 1288 4094 cona

194 4131 386 4198 dictandum
398 4134 481 4214 vidi,
496 4141 565 4200 tam
579 4140 713 4219 propter
723 4135 894 4200 molestias
909 4136 1004 4220 operi
1019 4139 1108 4200 tanto
1121 4131 1288 4224 proprias,

196 4251 296 4324 quem
324 4237 581 4306 innumerabiles
597 4237 800 4304 adventitius
822 4257 866 4303 ex
888 4238 1050 4304 editorum
1065 4237 1212 4328 priorum
1233 4229 1290 4300 rol
